@book{Haensel2007,
      author         = "Haensel, P. and Potekhin, A. Y. and Yakovlev, D. G.",
      title          = "{Neutron stars 1: Equation of state and structure}",
      journal        = "Astrophys. Space Sci. Libr.",
      volume         = "326",
      year           = "2007",
      pages          = "pp.1-619",
      doi            = "10.1007/978-0-387-47301-7",
      SLACcitation   = "%%CITATION = ASSLA,326,pp.1;%%"
}

@article{BPS,
      author         = "Baym, Gordon and Pethick, Christopher and Sutherland,
                        Peter",
      title          = "{The Ground state of matter at high densities: Equation
                        of state and stellar models}",
      journal        = "Astrophys. J.",
      volume         = "170",
      year           = "1971",
      pages          = "299-317",
      doi            = "10.1086/151216",
      SLACcitation   = "%%CITATION = ASJOA,170,299;%%"
}

@article{Pearson2018,
    author = {Pearson, J M and Chamel, N and Potekhin, A Y and Fantina, A F and Ducoin, C and Dutta, A K and Goriely, S},
    title = "{Unified equations of state for cold non-accreting neutron stars with Brussels–Montreal functionals – I. Role of symmetry energy}",
    journal = {Monthly Notices of the Royal Astronomical Society},
    volume = {481},
    number = {3},
    pages = {2994-3026},
    year = {2018},
    month = {09},
    abstract = "{The theory of the nuclear energy-density functional is used to provide a unified and thermodynamically consistent treatment of all regions of cold non-accreting neutron stars. In order to assess the impact of our lack of complete knowledge of the density dependence of the symmetry energy on the constitution and the global structure of neutron stars, we employ four different functionals. All of them were precision fitted to essentially all the nuclear mass data with the Hartree–Fock–Bogoliubov method and two different neutron-matter equations of state based on realistic nuclear forces. For each functional, we calculate the composition, the pressure–density relation, and the chemical potentials throughout the star. We show that uncertainties in the symmetry energy can significantly affect the theoretical results for the composition and global structure of neutron stars. To facilitate astrophysical applications, we construct analytic fits to our numerical results.}",
    issn = {0035-8711},
    doi = {10.1093/mnras/sty2413},
    url = {https://doi.org/10.1093/mnras/sty2413},
    eprint = {https://academic.oup.com/mnras/article-pdf/481/3/2994/25817956/sty2413.pdf},
}

@article{Huang2017,
	author = {W.J. Huang and G. Audi and Meng Wang and F. G. Kondev and S. Naimi and Xing Xu},
	doi = {10.1088/1674-1137/41/3/030002},
	url = {https://doi.org/10.1088%2F1674-1137%2F41%2F3%2F030002},
	year = {2017},
	month = {mar},
	publisher = {{IOP} Publishing},
	volume = {41},
	number = {3},
	pages = {030002},
	title = {The {AME}2016 atomic mass evaluation ({I}). {Evaluation} of input data; and adjustment procedures},
	journal = {Chinese Physics C},
}

@article{Wigner1933,
  title = {On the {Constitution} of {Metallic} {Sodium}},
  author = {Wigner, E. and Seitz, F.},
  journal = {Phys. Rev.},
  volume = {43},
  issue = {10},
  pages = {804--810},
  numpages = {0},
  year = {1933},
  month = {May},
  publisher = {American Physical Society},
  doi = {10.1103/PhysRev.43.804},
  url = {https://link.aps.org/doi/10.1103/PhysRev.43.804}
}

@article{Feynman1949,
  title = {Equations of {State} of {Elements} {Based} on the {Generalized} {Fermi}-{Thomas} {Theory}},
  author = {Feynman, R. P. and Metropolis, N. and Teller, E.},
  journal = {Phys. Rev.},
  volume = {75},
  issue = {10},
  pages = {1561--1573},
  numpages = {0},
  year = {1949},
  month = {May},
  publisher = {American Physical Society},
  doi = {10.1103/PhysRev.75.1561},
  url = {https://link.aps.org/doi/10.1103/PhysRev.75.1561}
}

@article{Chamel2016,
  title = {Binary and ternary ionic compounds in the outer crust of a cold nonaccreting neutron star},
  author = {Chamel, N. and Fantina, A. F.},
  journal = {Phys. Rev. C},
  volume = {94},
  issue = {6},
  pages = {065802},
  numpages = {16},
  year = {2016},
  month = {Dec},
  publisher = {American Physical Society},
  doi = {10.1103/PhysRevC.94.065802},
  url = {https://link.aps.org/doi/10.1103/PhysRevC.94.065802}
}

@article{Lunney2003,
  title = {Recent trends in the determination of nuclear masses},
  author = {Lunney, D. and Pearson, J. M. and Thibault, C.},
  journal = {Rev. Mod. Phys.},
  volume = {75},
  issue = {3},
  pages = {1021--1082},
  numpages = {0},
  year = {2003},
  month = {Aug},
  publisher = {American Physical Society},
  doi = {10.1103/RevModPhys.75.1021},
  url = {https://link.aps.org/doi/10.1103/RevModPhys.75.1021}
}

@article{Samyn2002,
title = "A {Hartree}–{Fock}–{Bogoliubov} mass formula",
journal = "Nuclear Physics A",
volume = "700",
number = "1",
pages = "142 - 156",
year = "2002",
issn = "0375-9474",
doi = "https://doi.org/10.1016/S0375-9474(01)01316-1",
url = "http://www.sciencedirect.com/science/article/pii/S0375947401013161",
author = "M. Samyn and S. Goriely and P.-H. Heenen and J.M. Pearson and F. Tondeur",
keywords = "Nuclear structure, Binding energies and masses, Hartree–Fock",
abstract = "In order to have more reliable predictions of nuclear masses at the neutron drip line, we here go beyond the recent mass formula HFBCS-1 and present a new mass formula, HFB-1, based on the Hartree–Fock–Bogoliubov method. As with the HFBCS-1 mass formula, we use a 10-parameter Skyrme force along with a 4-parameter δ-function pairing force and a 2-parameter phenomenological Wigner term. However, with the original HFBCS-1 Skyrme force (MSk7), the rms error becomes unacceptably large and a new force fit is required. With the isoscalar and isovector effective masses constrained to be equal, the remaining 15 degrees of freedom are fitted to the masses of all the 1754 measured nuclei with A⩾16, |N−Z|>2 given in the 1995 Audi–Wapstra compilation. The rms error with respect to the masses of all the 1888 measured nuclei with Z,N⩾8 is 0.764 MeV. A complete mass table, HFB-1 (available on the Web), has been constructed, giving all nuclei lying between the two drip lines over the range Z,N⩾8 and Z⩽120. A comparison between HFB-1 and HFBCS-1 mass tables shows that the HFBCS model is a very good approximation of the HFB theory, in particular for masses, the extrapolated masses never differing by more than 2 MeV below Z⩽110. We also find that the behaviour of shell gaps far away from the region of beta stability does not depend on whether the HFBCS or HFB methods are used, in particular, no quenching of astrophysical interest arises from replacing the BCS method by the Bogoliubov method."
}

@article{Myers1965,
  title = {unpublished},
  journal = {UCRL Report},
  volume = {11980},
  year = {1965},
  month = {May},
  author = {W. D. Myers and W. J. Swiatecki},
}

@article{Haensel1994,
      author         = "Haensel, P. and Pichon, B.",
      title          = "{Experimental nuclear masses and the ground state of cold
                        dense matter}",
      journal        = "Astron. Astrophys.",
      volume         = "283",
      year           = "1994",
      pages          = "313",
      eprint         = "nucl-th/9310003",
      archivePrefix  = "arXiv",
      primaryClass   = "nucl-th",
      SLACcitation   = "%%CITATION = NUCL-TH/9310003;%%"
}

@article{Moller1988,
title = "Nuclear masses from a unified macroscopic-microscopic model",
journal = "Atomic Data and Nuclear Data Tables",
volume = "39",
number = "2",
pages = "213 - 223",
year = "1988",
issn = "0092-640X",
doi = "https://doi.org/10.1016/0092-640X(88)90022-8",
url = "http://www.sciencedirect.com/science/article/pii/0092640X88900228",
author = {P. M\"oller and J.R. Nix},
abstract = "We calculate ground-state masses for 4678 nuclei ranging from 16O to 318122 by means of an improved version of the macroscopic-microscopic model employed in our 1981 mass calculation, which uses a Yukawa-plus-exponential model for the macroscopic term and a folded-Yukawa single-particle potential as starting point for the microscopic term. Some of the new features now incorporated are a new model for the average pairing strength, the solution of the microscopic pairing equations by use the Lipkin-Nogami method with approximate particle-number conservation, the use of experimental mass uncertainties in determining the model parameters, and an estimation of the theoretical error of the model by application of the maximum-likelihood method. Only five parameters are determined from least-squares fitting to the nuclear masses; the other constants in the model are taken from previous work with no adjustment. The resulting theoretical error in the calculated ground-state masses of 1593 nuclei ranging from 16O to 263106 is 0.832 MeV. We also extend the calculation to some additional nuclei in the heavy and superheavy region that were not considered in 1981. The present calculation represents an interim report ona project in which we plan to make further improvements and extend the region of nuclei considered to the neutron and proton drip lines."
}

@article{Welker2017,
  title = {{Binding} {Energy} of $^{79}\mathrm{Cu}$: {Probing} the {Structure} of the {Doubly} {Magic} $^{78}\mathrm{Ni}$ from {Only} {One} {Proton} {Away}},
  author = {Welker, A. and Althubiti, N. A. S. and Atanasov, D. and Blaum, K. and Cocolios, T. E. and Herfurth, F. and Kreim, S. and Lunney, D. and Manea, V. and Mougeot, M. and Neidherr, D. and Nowacki, F. and Poves, A. and Rosenbusch, M. and Schweikhard, L. and Wienholtz, F. and Wolf, R. N. and Zuber, K.},
  journal = {Phys. Rev. Lett.},
  volume = {119},
  issue = {19},
  pages = {192502},
  numpages = {6},
  year = {2017},
  month = {Nov},
  publisher = {American Physical Society},
  doi = {10.1103/PhysRevLett.119.192502},
  url = {https://link.aps.org/doi/10.1103/PhysRevLett.119.192502}
}

@article{Goriely2013,
  title = {Further explorations of {Skyrme}-{Hartree}-{Fock}-{Bogoliubov} mass formulas. {XIII}. {The} 2012 atomic mass evaluation and the symmetry coefficient},
  author = {Goriely, S. and Chamel, N. and Pearson, J. M.},
  journal = {Phys. Rev. C},
  volume = {88},
  issue = {2},
  pages = {024308},
  numpages = {14},
  year = {2013},
  month = {Aug},
  publisher = {American Physical Society},
  doi = {10.1103/PhysRevC.88.024308},
  url = {https://link.aps.org/doi/10.1103/PhysRevC.88.024308}
}

@article{Goriely2007,
  title = {Further explorations of {Skyrme}-{Hartree}-{Fock}-{Bogoliubov} mass formulas. VII. {Simultaneous} fits to masses and fission barriers},
  author = {Goriely, S. and Samyn, M. and Pearson, J. M.},
  journal = {Phys. Rev. C},
  volume = {75},
  issue = {6},
  pages = {064312},
  numpages = {7},
  year = {2007},
  month = {Jun},
  publisher = {American Physical Society},
  doi = {10.1103/PhysRevC.75.064312},
  url = {https://link.aps.org/doi/10.1103/PhysRevC.75.064312}
}

@article{Moller1995,
title = "{Nuclear} {Ground}-{State} {Masses} and {Deformations}",
journal = "Atomic Data and Nuclear Data Tables",
volume = "59",
number = "2",
pages = "185 - 381",
year = "1995",
issn = "0092-640X",
doi = "https://doi.org/10.1006/adnd.1995.1002",
url = "http://www.sciencedirect.com/science/article/pii/S0092640X85710029",
author = "P. Moller and J.R. Nix and W.D. Myers and W.J. Swiatecki",
abstract = "We tabulate the atomic mass excesses and nuclear ground-state deformations of 8979 nuclei ranging from 16O to A = 339. The calculations are based on the finite-range droplet macroscopic model and the folded-Yukawa single-particle microscopic model. Relative to our 1981 mass table the current results are obtained with an improved macroscopic model, an improved pairing model with a new form for the effective-interaction pairing gap, and minimization of the ground-state energy with respect to additional shape degrees of freedom. The values of only nine constants are determined directly from a least-squares adjustment to the ground-state masses of 1654 nuclei ranging from 16O to 263106 and to 28 fission-barrier heights. The error of the mass model is 0.669 MeV for the entire region of nuclei considered, but is only 0.448 MeV for the region N ≥ 65."
}

@article{Audi2012,
	doi = {10.1088/1674-1137/36/12/002},
	url = {https://doi.org/10.1088%2F1674-1137%2F36%2F12%2F002},
	year = {2012},
	month = {dec},
	publisher = {{IOP} Publishing},
	volume = {36},
	number = {12},
	pages = {1287--1602},
	author = {G. Audi and M. Wang and A.H. Wapstra and F.G. Kondev and M. MacCormick and X. Xu and B. Pfeiffer},
	title = {The {Ame}2012 atomic mass evaluation},
	journal = {Chinese Physics C},
	abstract = {This paper is the first of two articles (Part I and Part II) that presents the results of the new atomic mass evaluation, Ame2012. It includes complete information on the experimental input data (including not used and rejected ones), as well as details on the evaluation procedures used to derive the tables with recommended values given in the second part. This article describes the evaluation philosophy and procedures that were implemented in the selection of specific nuclear reaction, decay and mass-spectrometer results. These input values were entered in the least-squares adjustment procedure for determining the best values for the atomic masses and their uncertainties. Calculation procedures and particularities of the Ame are then described. All accepted and rejected data, including outweighed ones, are presented in a tabular format and compared with the adjusted values (obtained using the adjustment procedure). Differences with the previous Ame2003 evaluation are also discussed and specific information is presented for several cases that may be of interest to various Ame users. The second Ame2012 article, the last one in this issue, gives a table with recommended values of atomic masses, as well as tables and graphs of derived quantities, along with the list of references used in both this Ame2012 evaluation and the Nubase2012 one (the first paper in this issue).}
}

@article{Akmal1998,
  title = {Equation of state of nucleon matter and neutron star structure},
  author = {Akmal, A. and Pandharipande, V. R. and Ravenhall, D. G.},
  journal = {Phys. Rev. C},
  volume = {58},
  issue = {3},
  pages = {1804--1828},
  numpages = {0},
  year = {1998},
  month = {Sep},
  publisher = {American Physical Society},
  doi = {10.1103/PhysRevC.58.1804},
  url = {https://link.aps.org/doi/10.1103/PhysRevC.58.1804}
}

@article{Li2008,
  title = {Neutron star structure with modern nucleonic three-body forces},
  author = {Li, Z. H. and Schulze, H.-J.},
  journal = {Phys. Rev. C},
  volume = {78},
  issue = {2},
  pages = {028801},
  numpages = {4},
  year = {2008},
  month = {Aug},
  publisher = {American Physical Society},
  doi = {10.1103/PhysRevC.78.028801},
  url = {https://link.aps.org/doi/10.1103/PhysRevC.78.028801}
}

@article{BBP,
title = "Neutron star matter",
journal = "Nuclear Physics A",
volume = "175",
number = "2",
pages = "225 - 271",
year = "1971",
issn = "0375-9474",
doi = "https://doi.org/10.1016/0375-9474(71)90281-8",
url = "http://www.sciencedirect.com/science/article/pii/0375947471902818",
author = "Gordon Baym and Hans A. Bethe and Christopher J Pethick",
abstract = "The matter in neutron stars is essentially in its ground state and ranges in density up to and beyond 3 × 1014 g/cm3, the density of nuclear matter. Here we determine the constitution of the ground state of matter and its equation of state in the regime from 4.3 × 1011 g/cm3 where free neutrons begin to “drip” out of the nuclei, up to densities ≈ 5 × 1014 g/cm3, where standard nuclear-matter theory is still reliable. We describe the energy of nuclei in the free neutron regime by a compressible liquid-drop model designed to take into account three important features: (i) as the density increases, the bulk nuclear matter inside the nuclei, and the pure neutron gas outside the nuclei become more and more alike; (ii) the presence of the neutron gas reduces the nuclear surface energy; and (iii) the Coulomb interaction between nuclei, which keeps the nuclei in a lattice, becomes significant as the spacing between nuclei becomes comparable to the nuclear radius. We find that nuclei survive in the matter up to a density ∼ 2.4 × 1014 g/cm3; below this point we find no tendency for the protons to leave the nuclei. The transition between the phase with nuclei and the liquid phase at higher densities occurs as follows. The nuclei grow in size until they begin to touch; the remaining density inhomogeneity smooths out with increasing density until it disappears at about 3 × 1014 g/cm3 in a first-order transition. It is shown that the uniform liquid is unstable against density fluctuations below this density; the wave-length of the most unstable density fluctuation is close to the limiting lattice constant in the nuclear phase."
}

@article{Margueron2018a,
  title = {Equation of state for dense nucleonic matter from metamodeling. {I}. {Foundational} aspects},
  author = {Margueron, J\'er\^ome and Hoffmann Casali, Rudiney and Gulminelli, Francesca},
  journal = {Phys. Rev. C},
  volume = {97},
  issue = {2},
  pages = {025805},
  numpages = {28},
  year = {2018},
  month = {Feb},
  publisher = {American Physical Society},
  doi = {10.1103/PhysRevC.97.025805},
  url = {https://link.aps.org/doi/10.1103/PhysRevC.97.025805}
}


@article{Margueron2018b,
  title = {Equation of state for dense nucleonic matter from metamodeling. {II}. {Predictions} for neutron star properties},
  author = {Margueron, J\'er\^ome and Hoffmann Casali, Rudiney and Gulminelli, Francesca},
  journal = {Phys. Rev. C},
  volume = {97},
  issue = {2},
  pages = {025806},
  numpages = {24},
  year = {2018},
  month = {Feb},
  publisher = {American Physical Society},
  doi = {10.1103/PhysRevC.97.025806},
  url = {https://link.aps.org/doi/10.1103/PhysRevC.97.025806}
}

@article{Vidana2009,
  title = {Density dependence of the nuclear symmetry energy: {A} microscopic perspective},
  author = {Vida\~na, Isaac and Provid\^encia, Constan\ifmmode \mbox{\c{c}}\else \c{c}\fi{}a and Polls, Artur and Rios, Arnau},
  journal = {Phys. Rev. C},
  volume = {80},
  issue = {4},
  pages = {045806},
  numpages = {9},
  year = {2009},
  month = {Oct},
  publisher = {American Physical Society},
  doi = {10.1103/PhysRevC.80.045806},
  url = {https://link.aps.org/doi/10.1103/PhysRevC.80.045806}
}

@article{Chabanat1998,
title = "A {Skyrme} parametrization from subnuclear to neutron star densities
{Part} {II}. {Nuclei} far from stabilities",
journal = "Nuclear Physics A",
volume = "635",
number = "1",
pages = "231 - 256",
year = "1998",
issn = "0375-9474",
doi = "https://doi.org/10.1016/S0375-9474(98)00180-8",
url = "http://www.sciencedirect.com/science/article/pii/S0375947498001808",
author = "E. Chabanat and P. Bonche and P. Haensel and J. Meyer and R.
Schaeffer",
abstract = "In a first paper Skyrme effective forces were revisited in order to
improve their isospin properties away from the β stability line. In this paper,
these forces are specifically adjusted to reproduce finite nuclei properties.
Spin-orbit terms and center of mass correlations are analyzed. New Skyrme
parametrizations are proposed and some of their spectroscopic properties are
presented, e.g. S2n, S2p and r.m.s. radii for different isotopic and isotonic
series."
}

@article{RocaMaza2011,
  title = {Relativistic mean-field interaction with density-dependent meson-nucleon vertices based on microscopical calculations},
  author = {Roca-Maza, X. and Vi\~nas, X. and Centelles, M. and Ring, P. and Schuck, P.},
  journal = {Phys. Rev. C},
  volume = {84},
  issue = {5},
  pages = {054309},
  numpages = {16},
  year = {2011},
  month = {Nov},
  publisher = {American Physical Society},
  doi = {10.1103/PhysRevC.84.054309},
  url = {https://link.aps.org/doi/10.1103/PhysRevC.84.054309}
}

@article{Papakonstantinou2013,
  title = {Densities and energies of nuclei in dilute matter at zero temperature},
  author = {Papakonstantinou, P. and Margueron, J. and Gulminelli, F. and Raduta, Ad. R.},
  journal = {Phys. Rev. C},
  volume = {88},
  issue = {4},
  pages = {045805},
  numpages = {18},
  year = {2013},
  month = {Oct},
  publisher = {American Physical Society},
  doi = {10.1103/PhysRevC.88.045805},
  url = {https://link.aps.org/doi/10.1103/PhysRevC.88.045805}
}

@ARTICLE{Lattimer1991,
       author = {{Lattimer}, James M. and {Swesty}, Douglas F.},
        title = "{A generalized equation of state for hot, dense matter}",
      journal = {Nuclear Physics A},
         year = "1991",
        month = "Dec",
       volume = {535},
       number = {2},
        pages = {331-376},
          doi = {10.1016/0375-9474(91)90452-C},
       adsurl = {https://ui.adsabs.harvard.edu/abs/1991NuPhA.535..331L},
      adsnote = {Provided by the SAO/NASA Astrophysics Data System}
}

@article{Douchin2000a,
title = "Inner edge of neutron-star crust with {SLy} effective nucleon-nucleon interactions",
journal = "Physics Letters B",
volume = "485",
number = "1",
pages = "107 - 114",
year = "2000",
issn = "0370-2693",
doi = "https://doi.org/10.1016/S0370-2693(00)00672-9",
url = "http://www.sciencedirect.com/science/article/pii/S0370269300006729",
author = "F Douchin and P Haensel",
keywords = "Dense matter, Neutron stars",
abstract = "The boundary between the solid crust, assumed to be in complete thermodynamic equilibrium (cold catalyzed matter), and the liquid core of a neutron star is studied using Skyrme SLy effective N–N interactions. An approximate value of the density at the inner edge of the crust is obtained from the threshold for the instability of homogeneous npe matter with respect to small periodic density perturbations. Calculations of the bottom layer of the crust are performed within the Compressible Liquid Drop Model. Spherical nuclei are energetically preferred over exotic ones (cylinders, plates, tubes, bubbles), down to the inner edge of the crust, found at ρedge=0.08fm−3."
}

@article{Douchin2001,
	author = {{Douchin, F.} and {Haensel, P.}},
	title = {A unified equation of state of dense matter and neutron star structure},
	DOI= "10.1051/0004-6361:20011402",
	url= "https://doi.org/10.1051/0004-6361:20011402",
	journal = {A\&A},
	year = 2001,
	volume = 380,
	number = 1,
	pages = "151-167",
}

@article{Ravenhall1972,
  title = {{Nuclear} {Surface} {Energy} and {Neutron}-{Star} {Matter}},
  author = {Ravenhall, D. G. and Bennett, C. D. and Pethick, C. J.},
  journal = {Phys. Rev. Lett.},
  volume = {28},
  issue = {15},
  pages = {978--981},
  numpages = {0},
  year = {1972},
  month = {Apr},
  publisher = {American Physical Society},
  doi = {10.1103/PhysRevLett.28.978},
  url = {https://link.aps.org/doi/10.1103/PhysRevLett.28.978}
}

@article{Ravenhall1983,
title = "Nuclear interface energy at finite temperatures",
journal = "Nuclear Physics A",
volume = "407",
number = "3",
pages = "571 - 591",
year = "1983",
issn = "0375-9474",
doi = "https://doi.org/10.1016/0375-9474(83)90667-X",
url = "http://www.sciencedirect.com/science/article/pii/037594748390667X",
author = "D.G. Ravenhall and C.J. Pethick and J.M. Lattimer",
abstract = "The thermodynamic properties at finite temperatures of the plane interface between two phases of nuclear matter in equilibrium are examined theoretically, and explored numerically. The microscopic hamiltonian, the Skyrme I′ interaction, is used in the Thomas-Fermi approximation to obtain the finite-temperature extensions of earlier zero-temperature results which used the Hartree-Fock and Thomas-Fermi methods. Approximate analytic fits are given to the χi (proton fraction on the dense-matter side) dependence of the critical temperature, and to the T and χi dependences of the surface thermodynamic potentials, the density of surface neutrons, the surface entropy and the neutron and proton chemical potentials at phase equilibrium. These fits are an ingredient in a compressible liquid-drop nuclear model, the basis of an equation of state for hot, dense matter needed in certain astrophysical applications. The liquid-drop model is used here to construct an isolated, low-T nucleus, whose properties are compared with the original zero-T Hartree-Fock calculations which lead to the Skyrme I interaction, and with other mass formulae. The low-temperature expansion of the surface energy is compared with that obtained in other calculations. The nuclear level density at the Fermi surface, related to the low-T expansion of the entropy of the whole nucleus, is also discussed."
}

@article{Newton2012,
	doi = {10.1088/0067-0049/204/1/9},
	url = {https://doi.org/10.1088%2F0067-0049%2F204%2F1%2F9},
	year = 2012,
	month = {dec},
	publisher = {{IOP} Publishing},
	volume = {204},
	number = {1},
	pages = {9},
	author = {W. G. Newton and M. Gearheart and Bao-An Li},
	title = {A {SURVEY} {OF} {THE} {PARAMETER} {SPACE} {OF} {THE} {COMPRESSIBLE} {LIQUID} {DROP} {MODEL} {AS} {APPLIED} {TO} {THE} {NEUTRON} {STAR} {INNER} {CRUST}},
	journal = {The Astrophysical Journal Supplement Series},
	abstract = {We present a systematic survey of the range of predictions of the neutron star inner crust composition, crust-core transition densities and pressures, and density range of the nuclear “pasta” phases at the bottom of the crust provided by the compressible liquid drop model in light of the current experimental and theoretical constraints on model parameters. Using a Skyrme-like model for nuclear matter, we construct baseline sequences of crust models by consistently varying the density dependence of the bulk symmetry energy at nuclear saturation density, L, under two conditions: (1) that the magnitude of the symmetry energy at saturation density J is held constant, and (2) J correlates with L under the constraint that the pure neutron matter (PNM) equation of state (EoS) satisfies the results of ab initio calculations at low densities. Such baseline crust models facilitate consistent exploration of the L dependence of crustal properties. The remaining surface energy and symmetric nuclear matter parameters are systematically varied around the baseline, and different functional forms of the PNM EoS at sub-saturation densities implemented, to estimate theoretical “error bars” for the baseline predictions. Inner crust composition and transition densities are shown to be most sensitive to the surface energy at very low proton fractions and to the behavior of the sub-saturation PNM EoS. Recent calculations of the energies of neutron drops suggest that the low-proton-fraction surface energy might be higher than predicted in Skyrme-like models, which our study suggests may result in a greatly reduced volume of pasta in the crust than conventionally predicted.}
}

@article{Lorenz1993,
  title = {Neutron star crusts},
  author = {Lorenz, C. P. and Ravenhall, D. G. and Pethick, C. J.},
  journal = {Phys. Rev. Lett.},
  volume = {70},
  issue = {4},
  pages = {379--382},
  numpages = {0},
  year = {1993},
  month = {Jan},
  publisher = {American Physical Society},
  doi = {10.1103/PhysRevLett.70.379},
  url = {https://link.aps.org/doi/10.1103/PhysRevLett.70.379}
}

@article{Douchin2000b,
title = "Nuclear surface and curvature properties for {SLy} {Skyrme} forces and nuclei in the inner neutron-star crust",
journal = "Nuclear Physics A",
volume = "665",
number = "3",
pages = "419 - 446",
year = "2000",
issn = "0375-9474",
doi = "https://doi.org/10.1016/S0375-9474(99)00397-8",
url = "http://www.sciencedirect.com/science/article/pii/S0375947499003978",
author = "F Douchin and P Haensel and J Meyer",
abstract = "The properties of nuclear surface, including lowest order curvature terms, below and above the neutron drip point, are studied using recent SLy Skyrme models of the effective nucleon–nucleon interaction. Calculations are performed using the Extended Thomas–Fermi description of the energy functional, with variational determination of the surface density profiles. Numerical results are compared with those obtained for older Skyrme forces, and applied in the Compressible Liquid Drop Model calculations of neutron rich nuclei in ground state of neutron-star crust. Five possible types of nuclear structures are considered, characterized by spherical, cylindrical, and plane nuclear matter–neutron gas interface. Spherical nuclei are energetically preferred, down to the limiting density marking the transition into a homogeneous nucleon–electron liquid."
}

@article{Vinas2017,
      author         = "Vi\~nas, X. and Sharma, B. K. and Gonzalez-Boquera, C.
                        and Centelles, M.",
      title          = "{{Crust}-{Core} {Transitions} in {Neutron} {Stars} {Revisited}}",
      booktitle      = "{Proceedings, Coordination Meeting on Advanced Aspects in
                        Nuclear Structure and Reactions at Different Energy
                        Scales: Arbanassi, Bulgaria, April 25-28, 2017}",
      journal        = "Bulg. J. Phys.",
      volume         = "44",
      year           = "2017",
      number         = "S1",
      pages          = "081-092",
      SLACcitation   = "%%CITATION = BJPHD,44,081;%%"
}


@article{Newton2009,
  title = {Modeling nuclear ``pasta'' and the transition to uniform nuclear matter with the {3D} {Skyrme}-{Hartree}-{Fock} method at finite temperature: {Core}-collapse supernovae},
  author = {Newton, W. G. and Stone, J. R.},
  journal = {Phys. Rev. C},
  volume = {79},
  issue = {5},
  pages = {055801},
  numpages = {19},
  year = {2009},
  month = {May},
  publisher = {American Physical Society},
  doi = {10.1103/PhysRevC.79.055801},
  url = {https://link.aps.org/doi/10.1103/PhysRevC.79.055801}
}

@article{Pearson2012,
  title = {Inner crust of neutron stars with mass-fitted {Skyrme} functionals},
  author = {Pearson, J. M. and Chamel, N. and Goriely, S. and Ducoin, C.},
  journal = {Phys. Rev. C},
  volume = {85},
  issue = {6},
  pages = {065803},
  numpages = {12},
  year = {2012},
  month = {Jun},
  publisher = {American Physical Society},
  doi = {10.1103/PhysRevC.85.065803},
  url = {https://link.aps.org/doi/10.1103/PhysRevC.85.065803}
}

@misc{NSEoS,
  author = {Carreau, T.},
  year = {2017},
  publisher = {{GitHub}},
  journal = {{GitHub} repository},
  howpublished = {\url{https://github.com/thomascarreau/NSEoS}},
  commit = {902c55b1677ccc7a0cbf9af69d10460967e2f97b}
}

@article{Broyden1965,
 ISSN = {00255718, 10886842},
 URL = {http://www.jstor.org/stable/2003941},
 author = {C. G. Broyden},
 journal = {Mathematics of Computation},
 number = {92},
 pages = {577--593},
 publisher = {American Mathematical Society},
 title = {A {Class} of {Methods} for {Solving} {Nonlinear} {Simultaneous} {Equations}},
 volume = {19},
 year = {1965}
}


@article{Bohr1939,
  title = {The {Mechanism} of {Nuclear} {Fission}},
  author = {Bohr, Niels and Wheeler, John Archibald},
  journal = {Phys. Rev.},
  volume = {56},
  issue = {5},
  pages = {426--450},
  numpages = {0},
  year = {1939},
  month = {Sep},
  publisher = {American Physical Society},
  doi = {10.1103/PhysRev.56.426},
  url = {https://link.aps.org/doi/10.1103/PhysRev.56.426}
}

@article{Pethick1995,
      author         = "Pethick, C. J. and Ravenhall, D. G.",
      title          = "{Matter at large neutron excess and the physics of
                        neutron-star crusts}",
      journal        = "Ann. Rev. Nucl. Part. Sci.",
      volume         = "45",
      year           = "1995",
      pages          = "429-484",
      doi            = "10.1146/annurev.ns.45.120195.002241",
      SLACcitation   = "%%CITATION = ARNUA,45,429;%%"
}

@article{Negele1973,
title = "Neutron star matter at sub-nuclear densities",
journal = "Nuclear Physics A",
volume = "207",
number = "2",
pages = "298 - 320",
year = "1973",
issn = "0375-9474",
doi = "https://doi.org/10.1016/0375-9474(73)90349-7",
url = "http://www.sciencedirect.com/science/article/pii/0375947473903497",
author = "J.W. Negele and D. Vautherin",
abstract = "An extremely simple form for the energy density of a nuclear many-body system derived from the two-body nucleon-nucleon interaction is used to determine the ground state configuration of matter at sub-nuclear density. As the baryon density is increased, nuclei become progressively more neutron rich until neutrons eventually escape, yielding a Coulomb lattice of bound neutron and proton clusters surrounded by a dilute neutron gas. The clusters enlarge and the lattice constant decreases with increasing density, approaching a completely uniform state near nuclear density."
}

@article{Goriely2005,
title = "Further explorations of {Skyrme}–{Hartree}–{Fock}–{Bogoliubov} mass formulas. {IV}: {Neutron}-matter constraint",
journal = "Nuclear Physics A",
volume = "750",
number = "2",
pages = "425 - 443",
year = "2005",
issn = "0375-9474",
doi = "https://doi.org/10.1016/j.nuclphysa.2005.01.009",
url = "http://www.sciencedirect.com/science/article/pii/S0375947405000126",
author = "S. Goriely and M. Samyn and J.M. Pearson and M. Onsi",
abstract = "We have modified our best previous HFB mass model, HFB-8, to conform to the Friedman–Pandharipande calculation of neutron matter, achieving this simply by requiring that it be consistent with a nuclear-matter symmetry coefficient of J=30 MeV. The rms deviation of the data fit rises from 0.635 to 0.733 MeV, and while the changes in the predictions for the masses of highly neutron-rich nuclei are relatively small, some significant changes arise in the equation of state of neutron-star matter, both for the core and the inner crust. The new model, HFB-9, is to be preferred for both r-process calculations and neutron-star studies, and most particularly for calculations of an r-process arising from the decompression of initially cold neutron-star matter, where the transition from nuclear matter to nuclei needs to be modelled consistently. A correction for vacuum polarization is also made in the HFB-9 model."
}

@article{Onsi2008,
  title = {Semi-classical equation of state and specific-heat expressions with proton shell corrections for the inner crust of a neutron star},
  author = {Onsi, M. and Dutta, A. K. and Chatri, H. and Goriely, S. and Chamel, N. and Pearson, J. M.},
  journal = {Phys. Rev. C},
  volume = {77},
  issue = {6},
  pages = {065805},
  numpages = {15},
  year = {2008},
  month = {Jun},
  publisher = {American Physical Society},
  doi = {10.1103/PhysRevC.77.065805},
  url = {https://link.aps.org/doi/10.1103/PhysRevC.77.065805}
}

@mastersthesis{Carreau2017,
  author = {T. Carreau},
  title  = {Vers une description unifi\'ee de la cro\^ute et du coeur des \'etoiles \`a neutrons},
  school = {Universit\'e de Caen-Normandie},
  year   = {2017}
}

@article{Chamel2006,
title = "Effective mass of free neutrons in neutron star crust",
journal = "Nuclear Physics A",
volume = "773",
number = "3",
pages = "263 - 278",
year = "2006",
issn = "0375-9474",
doi = "https://doi.org/10.1016/j.nuclphysa.2006.04.010",
url = "http://www.sciencedirect.com/science/article/pii/S0375947406001771",
author = "Nicolas Chamel",
abstract = "The inner layers of a neutron star crust, composed of a Coulomb lattice of neutron rich nuclear clusters immersed in a sea of “free” superfluid neutrons, are closely analogous to periodic condensed matter systems such as electronic, photonic or phononic crystals. Applying methods from solid state physics to the neutron star context, it has been recently shown that Bragg scattering leads to a strong renormalization of the neutron mass in the bottom layers of the crust. Knowledge of this effective mass throughout the crust is essential in order to understand the dynamical properties of the neutron superfluid and the origin of pulsar glitches. The purpose of the present work is to evaluate this effective mass in the outermost layers of the inner crust, near the drip point ρdrip∼4×1011 gcm−3. The results are compared with the case of electrons in ordinary solids and as an example the corresponding effective electron mass in copper is calculated."
}

@article{Chamel2007,
  title = {{Validity} of the {Wigner}-{Seitz} approximation in neutron star crust},
  author = {Chamel, N. and Naimi, S. and Khan, E. and Margueron, J.},
  journal = {Phys. Rev. C},
  volume = {75},
  issue = {5},
  pages = {055806},
  numpages = {6},
  year = {2007},
  month = {May},
  publisher = {American Physical Society},
  doi = {10.1103/PhysRevC.75.055806},
  url = {https://link.aps.org/doi/10.1103/PhysRevC.75.055806}
}

@article{Myers1966,
title = "Nuclear masses and deformations",
journal = "Nuclear Physics",
volume = "81",
number = "1",
pages = "1 - 60",
year = "1966",
issn = "0029-5582",
doi = "https://doi.org/10.1016/0029-5582(66)90639-0",
url = "http://www.sciencedirect.com/science/article/pii/0029558266906390",
author = "William D. Myers and Wladyslaw J. Swiatecki",
abstract = "A semi-empirical theory of nuclear masses and deformations is presented. The potential energy of a nucleus, considered as a function of N, Z and the nuclear shape, is assumed to be given by the liquid-drop model, modified by a shell correction. The shell correction is a simple function of N and Z and is supposed to disappear as the nucleus is distorted away from the spherical shape. The resulting semi-empirical expression for the nuclear deformation energy has seven adjustable parameters, four in the liquid-drop part and three in the shell correction. By making the deformation energy stationary with respect to distortions, the equilibrium deformations (i.e., the quadrupole moments) and the ground-state masses of nuclei are derived as functions of N and Z. In addition, from unstable shapes of equilibrium corresponding to saddle-point configurations, barrier energies for nuclear fission are deduced. The predictions of the theory are compared with some 1200 experimental nuclear masses, 240 quadrupole moments and 40 fission barriers. The results lead, on the one hand, to a re-assessment of the accuracy of the liquid-drop model and a firmer determination of its characteristic constants and, on the other, to a semi-quantitative understanding of the effects of shell structure on nuclear masses and deformations. A number of minor anomalies are isolated, one apparently related to the so-called Wigner term in the binding energy and one relevant for the understanding of fission barriers. Applications to the analysis of the centrifugal stretching of nuclei and to the possible existence of “islands of stability” in the region of super-heavy nuclei are mentioned."
}

@article{Pearson2019,
    author = {Pearson, J M and Chamel, N and Potekhin, A Y and Fantina, A F and Ducoin, C and Dutta, A K and Goriely, S},
    title = "{Erratum: {Unified} equations of state for cold non-accreting neutron stars with {Brussels}-{Montreal} functionals. {I}. {Role} of symmetry energy}",
    journal = {Monthly Notices of the Royal Astronomical Society},
    volume = {486},
    number = {1},
    pages = {768-768},
    year = {2019},
    month = {03},
    abstract = "{The main feature of the correction is for a new magic number at Z = 138 to appear just below proton drip in the case of functional BSk25, in the density range from 0.077 fm−3 to 0.081 fm−3. Some related quantities, such as the numbers of free and clustered protons and neutrons in a Wigner-Seitz cell, have changed accordingly, while the changes in the numerical values of some other quantities, for example pressure, energy density, and proton number fraction, are negligibly small. The analytic fitting formulae described in Appendix C remain unchanged, with the new residuals of the same order of magnitude as originally. Although the numerical values of some of the fitted quantities have changed in the density ranges between the old and new values of the proton-drip densities, the fitting formulae reproduce these changes after the above-mentioned tabular values of the proton drip densities and Z have been fixed (the Fortran code that implements the fits, which is available at http://www.ioffe.ru/astro/NSG/BSk/, has been updated accordingly). The figure illustrates the changes in the equilibrium values of the proton and neutron numbers in a Wigner-Seitz cell and in a cluster.}",
    issn = {0035-8711},
    doi = {10.1093/mnras/stz800},
    url = {https://doi.org/10.1093/mnras/stz800},
    eprint = {https://academic.oup.com/mnras/article-pdf/486/1/768/28345283/stz800.pdf},
}

@article{Carreau2019,
	author = {{Carreau, T.} and {Gulminelli, F.} and {Chamel, N.} and {Fantina, A. F.} and {Pearson, J. M.}},
	title = {Crystallization of the inner crust of a neutron star and the influence of shell effects},
	DOI= "10.1051/0004-6361/201937236",
	url= "https://doi.org/10.1051/0004-6361/201937236",
	journal = {A\&A},
	year = 2020,
	volume = 635,
	pages = "A84",
}

@article{Watanabe2003,
  title = {Structure of cold nuclear matter at subnuclear densities by quantum molecular dynamics},
  author = {Watanabe, Gentaro and Sato, Katsuhiko and Yasuoka, Kenji and Ebisuzaki, Toshikazu},
  journal = {Phys. Rev. C},
  volume = {68},
  issue = {3},
  pages = {035806},
  numpages = {20},
  year = {2003},
  month = {Sep},
  publisher = {American Physical Society},
  doi = {10.1103/PhysRevC.68.035806},
  url = {https://link.aps.org/doi/10.1103/PhysRevC.68.035806}
}

@misc{Watanabe2011,
    title={Nuclear pasta in supernovae and neutron stars},
    author={Gentaro Watanabe and Toshiki Maruyama},
    year={2011},
    eprint={1109.3511},
    archivePrefix={arXiv},
    primaryClass={nucl-th}
}

@article{Pearson2020,
  title = {Unified equations of state for cold nonaccreting neutron stars with {Brussels}-{Montreal} functionals. {II}. {Pasta} phases in semiclassical approximation},
  author = {Pearson, J. M. and Chamel, N. and Potekhin, A. Y.},
  journal = {Phys. Rev. C},
  volume = {101},
  issue = {1},
  pages = {015802},
  numpages = {15},
  year = {2020},
  month = {Jan},
  publisher = {American Physical Society},
  doi = {10.1103/PhysRevC.101.015802},
  url = {https://link.aps.org/doi/10.1103/PhysRevC.101.015802}
}

@article{Carreau2019cc,
	author = {{Carreau, Thomas} and {Gulminelli, Francesca} and {Margueron, J\'er\^ome}},
	title = {Bayesian analysis of the crust-core transition with a compressible liquid-drop model},
	DOI= "10.1140/epja/i2019-12884-1",
	url= "https://doi.org/10.1140/epja/i2019-12884-1",
	journal = {Eur. Phys. J. A},
	year = 2019,
	volume = 55,
	number = 10,
	pages = "188",
}

@article{Gonzalez2017,
  title = {Higher-order symmetry energy and neutron star core-crust transition with {Gogny} forces},
  author = {Gonzalez-Boquera, C. and Centelles, M. and Vi\~nas, X. and Rios, A.},
  journal = {Phys. Rev. C},
  volume = {96},
  issue = {6},
  pages = {065806},
  numpages = {22},
  year = {2017},
  month = {Dec},
  publisher = {American Physical Society},
  doi = {10.1103/PhysRevC.96.065806},
  url = {https://link.aps.org/doi/10.1103/PhysRevC.96.065806}
}

@article{Pethick1995cc,
title = "The inner boundary of a neutron-star crust",
journal = "Nuclear Physics A",
volume = "584",
number = "4",
pages = "675 - 703",
year = "1995",
issn = "0375-9474",
doi = "https://doi.org/10.1016/0375-9474(94)00506-I",
url = "http://www.sciencedirect.com/science/article/pii/037594749400506I",
author = "C.J. Pethick and D.G. Ravenhall and C.P. Lorenz",
abstract = "The phase boundary between the liquid matter of the interior of a neutron star and the solid matter that comprises the crust is studied. The matter is assumed to consist of electrons and non-relativistic neutrons and protons in beta equilibrium. The characteristic used to identify the phase boundary is the onset of instability of the uniform matter against proton clustering, and it is examined for four interactions either used previously in astrophysical studies — Skyrme 1′, SkM and FPS - or proposed here as an improvement — FPS21. The relationship of this important property of neutron-star matter to the neutron-matter character of each interaction is explored. Characteristic densities associated with proton drip and with the liquid-gas boundary of one- and two-fluid models of the matter are compared with the instability density. Properties of some other effective interactions, relativistic and non-relativistic, are compared with those of the interactions discussed. The desirability of more calculations of neutron-matter properties, and of the utilization of those that do exist when formulsting dense-matter equations of state, is emphasized. For the improved interaction FPS21, the crust fraction of the moment of inertia of a neutron star is estimated."
}

@article{Antic2019,
	doi = {10.1088/1361-6471/ab1a51},
	url = {https://doi.org/10.1088%2F1361-6471%2Fab1a51},
	year = 2019,
	month = {may},
	publisher = {{IOP} Publishing},
	volume = {46},
	number = {6},
	pages = {065109},
	author = {Sofija Anti{\'{c}} and Debarati Chatterjee and Thomas Carreau and Francesca Gulminelli},
	title = {Quantifying the uncertainties on spinodal instability for stellar matter through meta-modeling},
	journal = {Journal of Physics G: Nuclear and Particle Physics},
	abstract = {The influence of the uncertainties of the equation of state empirical parameters on the neutron stars crust-core phase transition is explored within a meta-modeling approach, in which the energy per particle is expanded as a Taylor series in density and asymmetry around the saturation point. The phase transition point is estimated from the intersection of the spinodal instability region for dynamical fluctuations with the chemical equilibrium curve. Special attention is paid to the inclusion of high-order parameters of the Taylor series and their influence on the transition point. An uncorrelated prior distribution is considered for the empirical parameters, with bulk properties constrained through effective field theory predictions, while the surface parameters are controlled from a fit of nuclear masses using the extended Thomas Fermi approximation. The results show that the isospin dependent curvature K
sym and skewness Q
sym have the most significant correlations with the transition point, along with the well known influence of the L
sym parameter. The estimated density and pressure of the crust-core transition are n

t
 = (0.071 ± 0.011) fm−3 and P

t
 = (0.294 ±0.102) MeV fm−3.}
}

@article{Ducoin2007a,
title = "Isospin-dependent clusterization of neutron-star matter",
journal = "Nuclear Physics A",
volume = "789",
number = "1",
pages = "403 - 425",
year = "2007",
issn = "0375-9474",
doi = "https://doi.org/10.1016/j.nuclphysa.2007.03.006",
url = "http://www.sciencedirect.com/science/article/pii/S0375947407002321",
author = "C. Ducoin and Ph. Chomaz and F. Gulminelli",
abstract = "Because of the presence of a liquid-gas phase transition in nuclear matter, compact-star matter can present a region of instability against the formation of clusters. We investigate this phase separation in a matter composed of neutrons, protons and electrons, within a Skyrme–Lyon mean-field approach. Matter instability and phase properties are characterized through the study of the free-energy curvature. The effect of β-equilibrium is also analyzed in detail, and we show that the opacity to neutrinos has an influence on the presence of clusterized matter in finite-temperature proto-neutron stars."
}

@article{Ducoin2007b,
  title = {Anomalous thermodynamics and phase transitions in neutron star matter},
  author = {Ducoin, C. and Hasnaoui, K. H. O. and Napolitani, P. and Chomaz, Ph. and Gulminelli, F.},
  journal = {Phys. Rev. C},
  volume = {75},
  issue = {6},
  pages = {065805},
  numpages = {8},
  year = {2007},
  month = {Jun},
  publisher = {American Physical Society},
  doi = {10.1103/PhysRevC.75.065805},
  url = {https://link.aps.org/doi/10.1103/PhysRevC.75.065805}
}

@article{Ducoin2008,
title = "Cluster formation in asymmetric nuclear matter: {Semi}-classical and quantal approaches",
journal = "Nuclear Physics A",
volume = "809",
number = "1",
pages = "30 - 64",
year = "2008",
issn = "0375-9474",
doi = "https://doi.org/10.1016/j.nuclphysa.2008.05.015",
url = "http://www.sciencedirect.com/science/article/pii/S0375947408005721",
author = "C. Ducoin and J. Margueron and Ph. Chomaz",
keywords = "Asymmetric nuclear matter, Compact stars, Liquid–gas spinodal instabilities, Skyrme forces, Semi-classical theory, Random-phase approximation",
abstract = "The nuclear-matter liquid–gas phase transition induces instabilities against finite-size density fluctuations. This has implications for both heavy-ion-collision and compact-star physics. In this paper, we study the clusterization properties of nuclear matter in a scenario of spinodal decomposition, comparing three different approaches: the quantal RPA, its semi-classical limit (Vlasov method), and a hydrodynamical framework. The predictions related to clusterization are qualitatively in good agreement varying the approach and the nuclear interaction. Nevertheless, it is shown that (i) the quantum effects reduce the instability zone, and disfavor short-wavelength fluctuations; (ii) large differences appear between the two semi-classical approaches, which correspond respectively to a collisionless (Vlasov) and local equilibrium description (hydrodynamics); (iii) the isospin-distillation effect is stronger in the local equilibrium framework; (iv) important variations between the predicted time-scales of cluster formation appear near the borders of the instability region."
}

@article{Fortin2016,
  title = {Neutron star radii and crusts: {Uncertainties} and unified equations of state},
  author = {Fortin, M. and Provid\^encia, C. and Raduta, Ad. R. and Gulminelli, F. and Zdunik, J. L. and Haensel, P. and Bejger, M.},
  journal = {Phys. Rev. C},
  volume = {94},
  issue = {3},
  pages = {035804},
  numpages = {21},
  year = {2016},
  month = {Sep},
  publisher = {American Physical Society},
  doi = {10.1103/PhysRevC.94.035804},
  url = {https://link.aps.org/doi/10.1103/PhysRevC.94.035804}
}

@article{Ducoin2011,
  title = {Core-crust transition in neutron stars: {Predictivity} of density developments},
  author = {Ducoin, Camille and Margueron, J\'er\^ome and Provid\^encia, Constan\ifmmode \mbox{\c{c}}\else \c{c}\fi{}a and Vida\~na, Isaac},
  journal = {Phys. Rev. C},
  volume = {83},
  issue = {4},
  pages = {045810},
  numpages = {24},
  year = {2011},
  month = {Apr},
  publisher = {American Physical Society},
  doi = {10.1103/PhysRevC.83.045810},
  url = {https://link.aps.org/doi/10.1103/PhysRevC.83.045810}
}

@article{Grill2012,
  title = {Neutron star inner crust and symmetry energy},
  author = {Grill, Fabrizio and Provid\^encia, Constan\ifmmode \mbox{\c{c}}\else \c{c}\fi{}a and Avancini, Sidney S.},
  journal = {Phys. Rev. C},
  volume = {85},
  issue = {5},
  pages = {055808},
  numpages = {13},
  year = {2012},
  month = {May},
  publisher = {American Physical Society},
  doi = {10.1103/PhysRevC.85.055808},
  url = {https://link.aps.org/doi/10.1103/PhysRevC.85.055808}
}

@article{Gandolfi2014,
	author = {{Gandolfi, S.} and {Carlson, J.} and {Reddy, S.} and {Steiner, A. W.} and {Wiringa, R. B.}},
	title = {The equation of state of neutron matter, symmetry energy and neutron star structure},
	DOI= "10.1140/epja/i2014-14010-5",
	url= "https://doi.org/10.1140/epja/i2014-14010-5",
	journal = {Eur. Phys. J. A},
	year = 2014,
	volume = 50,
	number = 2,
	pages = "10",
}

@article{Hebeler2013,
	doi = {10.1088/0004-637x/773/1/11},
	url = {https://doi.org/10.1088%2F0004-637x%2F773%2F1%2F11},
	year = 2013,
	month = {jul},
	publisher = {{IOP} Publishing},
	volume = {773},
	number = {1},
	pages = {11},
	author = {K. Hebeler and J. M. Lattimer and C. J. Pethick and A. Schwenk},
	title = {{EQUATION} {OF} {STATE} {AND} {NEUTRON} {STAR} {PROPERTIES} {CONSTRAINED} {BY} {NUCLEAR} {PHYSICS} {AND} {OBSERVATION}},
	journal = {The Astrophysical Journal},
	abstract = {Microscopic calculations of neutron matter based on nuclear interactions derived from chiral effective field theory, combined with the recent observation of a 1.97 ± 0.04 M
            ☉ neutron star, constrain the equation of state of neutron-rich matter at sub- and supranuclear densities. We discuss in detail the allowed equations of state and the impact of our results on the structure of neutron stars, the crust-core transition density, and the nuclear symmetry energy. In particular, we show that the predicted range for neutron star radii is robust. For use in astrophysical simulations, we provide detailed numerical tables for a representative set of equations of state consistent with these constraints.}
}

@article{Drischler2016,
  title = {Asymmetric nuclear matter based on chiral two- and three-nucleon interactions},
  author = {Drischler, C. and Hebeler, K. and Schwenk, A.},
  journal = {Phys. Rev. C},
  volume = {93},
  issue = {5},
  pages = {054314},
  numpages = {12},
  year = {2016},
  month = {May},
  publisher = {American Physical Society},
  doi = {10.1103/PhysRevC.93.054314},
  url = {https://link.aps.org/doi/10.1103/PhysRevC.93.054314}
}

@article{Oertel2017,
  title = {Equations of state for supernovae and compact stars},
  author = {Oertel, M. and Hempel, M. and Kl\"ahn, T. and Typel, S.},
  journal = {Rev. Mod. Phys.},
  volume = {89},
  issue = {1},
  pages = {015007},
  numpages = {68},
  year = {2017},
  month = {Mar},
  publisher = {American Physical Society},
  doi = {10.1103/RevModPhys.89.015007},
  url = {https://link.aps.org/doi/10.1103/RevModPhys.89.015007}
}

@article{Zdunik2013,
      author         = "Zdunik, J. L. and Haensel, P.",
      title          = "{Maximum mass of neutron stars and strange neutron-star
                        cores}",
      journal        = "Astron. Astrophys.",
      volume         = "551",
      year           = "2013",
      pages          = "A61",
      doi            = "10.1051/0004-6361/201220697",
      eprint         = "1211.1231",
      archivePrefix  = "arXiv",
      primaryClass   = "astro-ph.SR",
      SLACcitation   = "%%CITATION = ARXIV:1211.1231;%%"
}

@article{Fortin2015,
      author         = "Fortin, M. and Zdunik, J. L. and Haensel, P. and Bejger,
                        M.",
      title          = "{Neutron stars with hyperon cores: stellar radii and
                        equation of state near nuclear density}",
      journal        = "Astron. Astrophys.",
      volume         = "576",
      year           = "2015",
      pages          = "A68",
      doi            = "10.1051/0004-6361/201424800",
      eprint         = "1408.3052",
      archivePrefix  = "arXiv",
      primaryClass   = "astro-ph.SR",
      SLACcitation   = "%%CITATION = ARXIV:1408.3052;%%"
}

@article{Bednarek2012,
	author = {{Bednarek, I.} and {Haensel, P.} and {Zdunik, J. L.} and {Bejger, M.} and {Ma\'{}nka, R.}},
	title = {Hyperons in neutron-star cores and a $2M_\odot$ pulsar},
	DOI= "10.1051/0004-6361/201118560",
	url= "https://doi.org/10.1051/0004-6361/201118560",
	journal = {A\&A},
	year = 2012,
	volume = 543,
	pages = "A157",
	month = "",
}

@article {Antoniadis2013,
	author = {Antoniadis, John and Freire, Paulo C. C. and Wex, Norbert and Tauris, Thomas M. and Lynch, Ryan S. and van Kerkwijk, Marten H. and Kramer, Michael and Bassa, Cees and Dhillon, Vik S. and Driebe, Thomas and Hessels, Jason W. T. and Kaspi, Victoria M. and Kondratiev, Vladislav I. and Langer, Norbert and Marsh, Thomas R. and McLaughlin, Maura A. and Pennucci, Timothy T. and Ransom, Scott M. and Stairs, Ingrid H. and van Leeuwen, Joeri and Verbiest, Joris P. W. and Whelan, David G.},
	title = {A {Massive} {Pulsar} in a {Compact} {Relativistic} {Binary}},
	volume = {340},
	number = {6131},
	elocation-id = {1233232},
	year = {2013},
	doi = {10.1126/science.1233232},
	publisher = {American Association for the Advancement of Science},
	abstract = {Introduction Neutron stars with masses above 1.8 solar masses (M☉), possess extreme gravitational fields, which may give rise to phenomena outside general relativity. These strong-field deviations lack experimental confrontation, because they become observable only in tight binaries containing a high-mass pulsar and where orbital decay resulting from emission of gravitational waves can be tested. Understanding the origin of such a system would also help to answer fundamental questions of close-binary evolution. Artist{\textquoteright}s impression of the PSR J0348+0432 system. The compact pulsar (with beams of radio emission) produces a strong distortion of spacetime (illustrated by the green mesh). Conversely, spacetime around its white-dwarf companion (in light blue) is substantially less curved. According to relativistic theories of gravity, the binary system is subject to energy loss by gravitational waves. Methods We report on radio-timing observations of the pulsar J0348+0432 and phase-resolved optical spectroscopy of its white-dwarf companion, which is in a 2.46-hour orbit. We used these to derive the component masses and orbital parameters, infer the system{\textquoteright}s motion, and constrain its age. Results We find that the white dwarf has a mass of 0.172 {\textpm} 0.003 M☉, which, combined with orbital velocity measurements, yields a pulsar mass of 2.01 {\textpm} 0.04 M☉. Additionally, over a span of 2 years, we observed a significant decrease in the orbital period, P˙bobs=-8.6{\textpm}1.4 μs year-1 in our radio-timing data. Discussion Pulsar J0348+0432 is only the second neutron star with a precisely determined mass of 2 M☉ and independently confirms the existence of such massive neutron stars in nature. For these masses and orbital period, general relativity predicts a significant orbital decay, which matches the observed value, P˙bobs/P˙bGR=1.05{\textpm}0.18. The pulsar has a gravitational binding energy 60\% higher than other known neutron stars in binaries where gravitational-wave damping has been detected. Because the magnitude of strong-field deviations generally depends nonlinearly on the binding energy, the measurement of orbital decay transforms the system into a gravitational laboratory for an as-yet untested gravity regime. The consistency of the observed orbital decay with general relativity therefore supports its validity, even for such extreme gravity-matter couplings, and rules out strong-field phenomena predicted by physically well-motivated alternatives. Moreover, our result supports the use of general relativity{\textendash}based templates for the detection of gravitational waves from merger events with advanced ground-based detectors. Lastly, the system provides insight into pulsar-spin evolution after mass accretion. Because of its short merging time scale of 400 megayears, the system is a direct channel for the formation of an ultracompact x-ray binary, possibly leading to a pulsar-planet system or the formation of a black hole. Because of their extremely high densities, massive neutron stars can be used to test gravity. Based on spectroscopy of its white dwarf companion, Antoniadis et al. (p. 448) identified a millisecond pulsar as a neutron star twice as heavy as the Sun. The observed binary{\textquoteright}s orbital decay is consistent with that predicted by general relativity, ruling out previously untested strong-field phenomena predicted by alternative theories. The binary system has a peculiar combination of properties and poses a challenge to our understanding of stellar evolution. Many physically motivated extensions to general relativity (GR) predict substantial deviations in the properties of spacetime surrounding massive neutron stars. We report the measurement of a 2.01 {\textpm} 0.04 solar mass (M☉) pulsar in a 2.46-hour orbit with a 0.172 {\textpm} 0.003 M☉ white dwarf. The high pulsar mass and the compact orbit make this system a sensitive laboratory of a previously untested strong-field gravity regime. Thus far, the observed orbital decay agrees with GR, supporting its validity even for the extreme conditions present in the system. The resulting constraints on deviations support the use of GR-based templates for ground-based gravitational wave detectors. Additionally, the system strengthens recent constraints on the properties of dense matter and provides insight to binary stellar astrophysics and pulsar recycling.},
	issn = {0036-8075},
	URL = {https://science.sciencemag.org/content/340/6131/1233232},
	eprint = {https://science.sciencemag.org/content/340/6131/1233232.full.pdf},
	journal = {Science}
}

@ARTICLE{Baym2019,
       author = {{Baym}, Gordon and {Furusawa}, Shun and {Hatsuda}, Tetsuo and
         {Kojo}, Toru and {Togashi}, Hajime},
        title = "{New {Neutron} {Star} {Equation} of {State} with {Quark}-{Hadron} {Crossover}}",
      journal = "Astrophys. J.",
     keywords = {dense matter, elementary particles, equation of state, stars: neutron, Astrophysics - High Energy Astrophysical Phenomena, High Energy Physics - Phenomenology, Nuclear Theory},
         year = "2019",
        month = "Nov",
       volume = {885},
       number = {1},
          eid = {42},
        pages = {42},
          doi = {10.3847/1538-4357/ab441e},
archivePrefix = {arXiv},
       eprint = {1903.08963},
 primaryClass = {astro-ph.HE},
       adsurl = {https://ui.adsabs.harvard.edu/abs/2019ApJ...885...42B},
      adsnote = {Provided by the SAO/NASA Astrophysics Data System}
}

@article{GW1,
  title = {GW170817: Measurements of Neutron Star Radii and Equation of State},
  author = {Abbott, B. P. and Abbott, R. and Abbott, T. D. and Acernese, F. and Ackley, K. and Adams, C. and Adams, T. and Addesso, P. and Adhikari, R. X. and Adya, V. B. and Affeldt, C. and Agarwal, B. and Agathos, M. and Agatsuma, K. and Aggarwal, N. and Aguiar, O. D. and Aiello, L. and Ain, A. and Ajith, P. and Allen, B. and Allen, G. and Allocca, A. and Aloy, M. A. and Altin, P. A. and Amato, A. and Ananyeva, A. and Anderson, S. B. and Anderson, W. G. and Angelova, S. V. and Antier, S. and Appert, S. and Arai, K. and Araya, M. C. and Areeda, J. S. and Ar\`ene, M. and Arnaud, N. and Arun, K. G. and Ascenzi, S. and Ashton, G. and Ast, M. and Aston, S. M. and Astone, P. and Atallah, D. V. and Aubin, F. and Aufmuth, P. and Aulbert, C. and AultONeal, K. and Austin, C. and Avila-Alvarez, A. and Babak, S. and Bacon, P. and Badaracco, F. and Bader, M. K. M. and Bae, S. and Baker, P. T. and Baldaccini, F. and Ballardin, G. and Ballmer, S. W. and Banagiri, S. and Barayoga, J. C. and Barclay, S. E. and Barish, B. C. and Barker, D. and Barkett, K. and Barnum, S. and Barone, F. and Barr, B. and Barsotti, L. and Barsuglia, M. and Barta, D. and Bartlett, J. and Bartos, I. and Bassiri, R. and Basti, A. and Batch, J. C. and Bawaj, M. and Bayley, J. C. and Bazzan, M. and B\'ecsy, B. and Beer, C. and Bejger, M. and Belahcene, I. and Bell, A. S. and Beniwal, D. and Bensch, M. and Berger, B. K. and Bergmann, G. and Bernuzzi, S. and Bero, J. J. and Berry, C. P. L. and Bersanetti, D. and Bertolini, A. and Betzwieser, J. and Bhandare, R. and Bilenko, I. A. and Bilgili, S. A. and Billingsley, G. and Billman, C. R. and Birch, J. and Birney, R. and Birnholtz, O. and Biscans, S. and Biscoveanu, S. and Bisht, A. and Bitossi, M. and Bizouard, M. A. and Blackburn, J. K. and Blackman, J. and Blair, C. D. and Blair, D. G. and Blair, R. M. and Bloemen, S. and Bock, O. and Bode, N. and Boer, M. and Boetzel, Y. and Bogaert, G. and Bohe, A. and Bondu, F. and Bonilla, E. and Bonnand, R. and Booker, P. and Boom, B. A. and Booth, C. D. and Bork, R. and Boschi, V. and Bose, S. and Bossie, K. and Bossilkov, V. and Bosveld, J. and Bouffanais, Y. and Bozzi, A. and Bradaschia, C. and Brady, P. R. and Bramley, A. and Branchesi, M. and Brau, J. E. and Briant, T. and Brighenti, F. and Brillet, A. and Brinkmann, M. and Brisson, V. and Brockill, P. and Brooks, A. F. and Brown, D. D. and Brunett, S. and Buchanan, C. C. and Buikema, A. and Bulik, T. and Bulten, H. J. and Buonanno, A. and Buskulic, D. and Buy, C. and Byer, R. L. and Cabero, M. and Cadonati, L. and Cagnoli, G. and Cahillane, C. and Calder\'on Bustillo, J. and Callister, T. A. and Calloni, E. and Camp, J. B. and Canepa, M. and Canizares, P. and Cannon, K. C. and Cao, H. and Cao, J. and Capano, C. D. and Capocasa, E. and Carbognani, F. and Caride, S. and Carney, M. F. and Carullo, G. and Casanueva Diaz, J. and Casentini, C. and Caudill, S. and Cavagli\`a, M. and Cavalier, F. and Cavalieri, R. and Cella, G. and Cepeda, C. B. and Cerd\'a-Dur\'an, P. and Cerretani, G. and Cesarini, E. and Chaibi, O. and Chamberlin, S. J. and Chan, M. and Chao, S. and Charlton, P. and Chase, E. and Chassande-Mottin, E. and Chatterjee, D. and Chatziioannou, K. and Cheeseboro, B. D. and Chen, H. Y. and Chen, X. and Chen, Y. and Cheng, H.-P. and Chia, H. Y. and Chincarini, A. and Chiummo, A. and Chmiel, T. and Cho, H. S. and Cho, M. and Chow, J. H. and Christensen, N. and Chu, Q. and Chua, A. J. K. and Chua, S. and Chung, K. W. and Chung, S. and Ciani, G. and Ciobanu, A. A. and Ciolfi, R. and Cipriano, F. and Cirelli, C. E. and Cirone, A. and Clara, F. and Clark, J. A. and Clearwater, P. and Cleva, F. and Cocchieri, C. and Coccia, E. and Cohadon, P.-F. and Cohen, D. and Colla, A. and Collette, C. G. and Collins, C. and Cominsky, L. R. and Constancio, M. and Conti, L. and Cooper, S. J. and Corban, P. and Corbitt, T. R. and Cordero-Carri\'on, I. and Corley, K. R. and Cornish, N. and Corsi, A. and Cortese, S. and Costa, C. A. and Cotesta, R. and Coughlin, M. W. and Coughlin, S. B. and Coulon, J.-P. and Countryman, S. T. and Couvares, P. and Covas, P. B. and Cowan, E. E. and Coward, D. M. and Cowart, M. J. and Coyne, D. C. and Coyne, R. and Creighton, J. D. E. and Creighton, T. D. and Cripe, J. and Crowder, S. G. and Cullen, T. J. and Cumming, A. and Cunningham, L. and Cuoco, E. and Canton, T. Dal and D\'alya, G. and Danilishin, S. L. and D'Antonio, S. and Danzmann, K. and Dasgupta, A. and Da Silva Costa, C. F. and Dattilo, V. and Dave, I. and Davier, M. and Davis, D. and Daw, E. J. and Day, B. and DeBra, D. and Deenadayalan, M. and Degallaix, J. and De Laurentis, M. and Del\'eglise, S. and Del Pozzo, W. and Demos, N. and Denker, T. and Dent, T. and De Pietri, R. and Derby, J. and Dergachev, V. and De Rosa, R. and De Rossi, C. and DeSalvo, R. and de Varona, O. and Dhurandhar, S. and D\'{\i}az, M. C. and Dietrich, T. and Di Fiore, L. and Di Giovanni, M. and Di Girolamo, T. and Di Lieto, A. and Ding, B. and Di Pace, S. and Di Palma, I. and Di Renzo, F. and Dmitriev, A. and Doctor, Z. and Dolique, V. and Donovan, F. and Dooley, K. L. and Doravari, S. and Dorrington, I. and Dovale \'Alvarez, M. and Downes, T. P. and Drago, M. and Dreissigacker, C. and Driggers, J. C. and Du, Z. and Dupej, P. and Dwyer, S. E. and Easter, P. J. and Edo, T. B. and Edwards, M. C. and Effler, A. and Eggenstein, H.-B. and Ehrens, P. and Eichholz, J. and Eikenberry, S. S. and Eisenmann, M. and Eisenstein, R. A. and Essick, R. C. and Estelles, H. and Estevez, D. and Etienne, Z. B. and Etzel, T. and Evans, M. and Evans, T. M. and Fafone, V. and Fair, H. and Fairhurst, S. and Fan, X. and Farinon, S. and Farr, B. and Farr, W. M. and Fauchon-Jones, E. J. and Favata, M. and Fays, M. and Fee, C. and Fehrmann, H. and Feicht, J. and Fejer, M. M. and Feng, F. and Fernandez-Galiana, A. and Ferrante, I. and Ferreira, E. C. and Ferrini, F. and Fidecaro, F. and Fiori, I. and Fiorucci, D. and Fishbach, M. and Fisher, R. P. and Fishner, J. M. and Fitz-Axen, M. and Flaminio, R. and Fletcher, M. and Fong, H. and Font, J. A. and Forsyth, P. W. F. and Forsyth, S. S. and Fournier, J.-D. and Frasca, S. and Frasconi, F. and Frei, Z. and Freise, A. and Frey, R. and Frey, V. and Fritschel, P. and Frolov, V. V. and Fulda, P. and Fyffe, M. and Gabbard, H. A. and Gadre, B. U. and Gaebel, S. M. and Gair, J. R. and Gammaitoni, L. and Ganija, M. R. and Gaonkar, S. G. and Garcia, A. and Garc\'{\i}a-Quir\'os, C. and Garufi, F. and Gateley, B. and Gaudio, S. and Gaur, G. and Gayathri, V. and Gemme, G. and Genin, E. and Gennai, A. and George, D. and George, J. and Gergely, L. and Germain, V. and Ghonge, S. and Ghosh, Abhirup and Ghosh, Archisman and Ghosh, S. and Giacomazzo, B. and Giaime, J. A. and Giardina, K. D. and Giazotto, A. and Gill, K. and Giordano, G. and Glover, L. and Goetz, E. and Goetz, R. and Goncharov, B. and Gonz\'alez, G. and Gonzalez Castro, J. M. and Gopakumar, A. and Gorodetsky, M. L. and Gossan, S. E. and Gosselin, M. and Gouaty, R. and Grado, A. and Graef, C. and Granata, M. and Grant, A. and Gras, S. and Gray, C. and Greco, G. and Green, A. C. and Green, R. and Gretarsson, E. M. and Groot, P. and Grote, H. and Grunewald, S. and Gruning, P. and Guidi, G. M. and Gulati, H. K. and Guo, X. and Gupta, A. and Gupta, M. K. and Gushwa, K. E. and Gustafson, E. K. and Gustafson, R. and Halim, O. and Hall, B. R. and Hall, E. D. and Hamilton, E. Z. and Hamilton, H. F. and Hammond, G. and Haney, M. and Hanke, M. M. and Hanks, J. and Hanna, C. and Hannam, M. D. and Hannuksela, O. A. and Hanson, J. and Hardwick, T. and Harms, J. and Harry, G. M. and Harry, I. W. and Hart, M. J. and Haster, C.-J. and Haughian, K. and Healy, J. and Heidmann, A. and Heintze, M. C. and Heitmann, H. and Hello, P. and Hemming, G. and Hendry, M. and Heng, I. S. and Hennig, J. and Heptonstall, A. W. and Hernandez, F. J. and Heurs, M. and Hild, S. and Hinderer, T. and Ho, W. C. G. and Hoak, D. and Hochheim, S. and Hofman, D. and Holland, N. A. and Holt, K. and Holz, D. E. and Hopkins, P. and Horst, C. and Hough, J. and Houston, E. A. and Howell, E. J. and Hreibi, A. and Huerta, E. A. and Huet, D. and Hughey, B. and Hulko, M. and Husa, S. and Huttner, S. H. and Huynh-Dinh, T. and Iess, A. and Indik, N. and Ingram, C. and Inta, R. and Intini, G. and Irwin, B. S. and Isa, H. N. and Isac, J.-M. and Isi, M. and Iyer, B. R. and Izumi, K. and Jacqmin, T. and Jani, K. and Jaranowski, P. and Johnson, D. S. and Johnson, W. W. and Jones, D. I. and Jones, R. and Jonker, R. J. G. and Ju, L. and Junker, J. and Kalaghatgi, C. V. and Kalogera, V. and Kamai, B. and Kandhasamy, S. and Kang, G. and Kanner, J. B. and Kapadia, S. J. and Karki, S. and Karvinen, K. S. and Kasprzack, M. and Katolik, M. and Katsanevas, S. and Katsavounidis, E. and Katzman, W. and Kaufer, S. and Kawabe, K. and Keerthana, N. V. and K\'ef\'elian, F. and Keitel, D. and Kemball, A. J. and Kennedy, R. and Key, J. S. and Khalili, F. Y. and Khamesra, B. and Khan, H. and Khan, I. and Khan, S. and Khan, Z. and Khazanov, E. A. and Kijbunchoo, N. and Kim, Chunglee and Kim, J. C. and Kim, K. and Kim, W. and Kim, W. S. and Kim, Y.-M. and King, E. J. and King, P. J. and Kinley-Hanlon, M. and Kirchhoff, R. and Kissel, J. S. and Kleybolte, L. and Klimenko, S. and Knowles, T. D. and Koch, P. and Koehlenbeck, S. M. and Koley, S. and Kondrashov, V. and Kontos, A. and Korobko, M. and Korth, W. Z. and Kowalska, I. and Kozak, D. B. and Kr\"amer, C. and Kringel, V. and Krishnan, B. and Kr\'olak, A. and Kuehn, G. and Kumar, P. and Kumar, R. and Kumar, S. and Kuo, L. and Kutynia, A. and Kwang, S. and Lackey, B. D. and Lai, K. H. and Landry, M. and Landry, P. and Lang, R. N. and Lange, J. and Lantz, B. and Lanza, R. K. and Lartaux-Vollard, A. and Lasky, P. D. and Laxen, M. and Lazzarini, A. and Lazzaro, C. and Leaci, P. and Leavey, S. and Lee, C. H. and Lee, H. K. and Lee, H. M. and Lee, H. W. and Lee, K. and Lehmann, J. and Lenon, A. and Leonardi, M. and Leroy, N. and Letendre, N. and Levin, Y. and Li, J. and Li, T. G. F. and Li, X. and Linker, S. D. and Littenberg, T. B. and Liu, J. and Liu, X. and Lo, R. K. L. and Lockerbie, N. A. and London, L. T. and Longo, A. and Lorenzini, M. and Loriette, V. and Lormand, M. and Losurdo, G. and Lough, J. D. and Lousto, C. O. and Lovelace, G. and L\"uck, H. and Lumaca, D. and Lundgren, A. P. and Lynch, R. and Ma, Y. and Macas, R. and Macfoy, S. and Machenschalk, B. and MacInnis, M. and Macleod, D. M. and Maga\~na Hernandez, I. and Maga\~na-Sandoval, F. and Maga\~na Zertuche, L. and Magee, R. M. and Majorana, E. and Maksimovic, I. and Man, N. and Mandic, V. and Mangano, V. and Mansell, G. L. and Manske, M. and Mantovani, M. and Marchesoni, F. and Marion, F. and M\'arka, S. and M\'arka, Z. and Markakis, C. and Markosyan, A. S. and Markowitz, A. and Maros, E. and Marquina, A. and Martelli, F. and Martellini, L. and Martin, I. W. and Martin, R. M. and Martynov, D. V. and Mason, K. and Massera, E. and Masserot, A. and Massinger, T. J. and Masso-Reid, M. and Mastrogiovanni, S. and Matas, A. and Matichard, F. and Matone, L. and Mavalvala, N. and Mazumder, N. and McCann, J. J. and McCarthy, R. and McClelland, D. E. and McCormick, S. and McCuller, L. and McGuire, S. C. and McIver, J. and McManus, D. J. and McRae, T. and McWilliams, S. T. and Meacher, D. and Meadors, G. D. and Mehmet, M. and Meidam, J. and Mejuto-Villa, E. and Melatos, A. and Mendell, G. and Mendoza-Gandara, D. and Mercer, R. A. and Mereni, L. and Merilh, E. L. and Merzougui, M. and Meshkov, S. and Messenger, C. and Messick, C. and Metzdorff, R. and Meyers, P. M. and Miao, H. and Michel, C. and Middleton, H. and Mikhailov, E. E. and Milano, L. and Miller, A. L. and Miller, A. and Miller, B. B. and Miller, J. and Millhouse, M. and Mills, J. and Milovich-Goff, M. C. and Minazzoli, O. and Minenkov, Y. and Ming, J. and Mishra, C. and Mitra, S. and Mitrofanov, V. P. and Mitselmakher, G. and Mittleman, R. and Moffa, D. and Mogushi, K. and Mohan, M. and Mohapatra, S. R. P. and Montani, M. and Moore, C. J. and Moraru, D. and Moreno, G. and Morisaki, S. and Mours, B. and Mow-Lowry, C. M. and Mueller, G. and Muir, A. W. and Mukherjee, Arunava and Mukherjee, D. and Mukherjee, S. and Mukund, N. and Mullavey, A. and Munch, J. and Mu\~niz, E. A. and Muratore, M. and Murray, P. G. and Nagar, A. and Napier, K. and Nardecchia, I. and Naticchioni, L. and Nayak, R. K. and Neilson, J. and Nelemans, G. and Nelson, T. J. N. and Nery, M. and Neunzert, A. and Nevin, L. and Newport, J. M. and Ng, K. Y. and Ng, S. and Nguyen, P. and Nguyen, T. T. and Nichols, D. and Nielsen, A. B. and Nissanke, S. and Nitz, A. and Nocera, F. and Nolting, D. and North, C. and Nuttall, L. K. and Obergaulinger, M. and Oberling, J. and O'Brien, B. D. and O'Dea, G. D. and Ogin, G. H. and Oh, J. J. and Oh, S. H. and Ohme, F. and Ohta, H. and Okada, M. A. and Oliver, M. and Oppermann, P. and Oram, Richard J. and O'Reilly, B. and Ormiston, R. and Ortega, L. F. and O'Shaughnessy, R. and Ossokine, S. and Ottaway, D. J. and Overmier, H. and Owen, B. J. and Pace, A. E. and Pagano, G. and Page, J. and Page, M. A. and Pai, A. and Pai, S. A. and Palamos, J. R. and Palashov, O. and Palomba, C. and Pal-Singh, A. and Pan, Howard and Pan, Huang-Wei and Pang, B. and Pang, P. T. H. and Pankow, C. and Pannarale, F. and Pant, B. C. and Paoletti, F. and Paoli, A. and Papa, M. A. and Parida, A. and Parker, W. and Pascucci, D. and Pasqualetti, A. and Passaquieti, R. and Passuello, D. and Patil, M. and Patricelli, B. and Pearlstone, B. L. and Pedersen, C. and Pedraza, M. and Pedurand, R. and Pekowsky, L. and Pele, A. and Penn, S. and Perego, A. and Perez, C. J. and Perreca, A. and Perri, L. M. and Pfeiffer, H. P. and Phelps, M. and Phukon, K. S. and Piccinni, O. J. and Pichot, M. and Piergiovanni, F. and Pierro, V. and Pillant, G. and Pinard, L. and Pinto, I. M. and Pirello, M. and Pitkin, M. and Poggiani, R. and Popolizio, P. and Porter, E. K. and Possenti, L. and Post, A. and Powell, J. and Prasad, J. and Pratt, J. W. W. and Pratten, G. and Predoi, V. and Prestegard, T. and Principe, M. and Privitera, S. and Prodi, G. A. and Prokhorov, L. G. and Puncken, O. and Punturo, M. and Puppo, P. and P\"urrer, M. and Qi, H. and Quetschke, V. and Quintero, E. A. and Quitzow-James, R. and Raab, F. J. and Rabeling, D. S. and Radkins, H. and Raffai, P. and Raja, S. and Rajan, C. and Rajbhandari, B. and Rakhmanov, M. and Ramirez, K. E. and Ramos-Buades, A. and Rana, Javed and Rapagnani, P. and Raymond, V. and Razzano, M. and Read, J. and Regimbau, T. and Rei, L. and Reid, S. and Reitze, D. H. and Ren, W. and Ricci, F. and Ricker, P. M. and Riemenschneider, G. M. and Riles, K. and Rizzo, M. and Robertson, N. A. and Robie, R. and Robinet, F. and Robson, T. and Rocchi, A. and Rolland, L. and Rollins, J. G. and Roma, V. J. and Romano, R. and Romel, C. L. and Romie, J. H. and Rosi\ifmmode \acute{n}\else \'{n}\fi{}ska, D. and Ross, M. P. and Rowan, S. and R\"udiger, A. and Ruggi, P. and Rutins, G. and Ryan, K. and Sachdev, S. and Sadecki, T. and Sakellariadou, M. and Salconi, L. and Saleem, M. and Salemi, F. and Samajdar, A. and Sammut, L. and Sampson, L. M. and Sanchez, E. J. and Sanchez, L. E. and Sanchis-Gual, N. and Sandberg, V. and Sanders, J. R. and Sarin, N. and Sassolas, B. and Sathyaprakash, B. S. and Saulson, P. R. and Sauter, O. and Savage, R. L. and Sawadsky, A. and Schale, P. and Scheel, M. and Scheuer, J. and Schmidt, P. and Schnabel, R. and Schofield, R. M. S. and Sch\"onbeck, A. and Schreiber, E. and Schuette, D. and Schulte, B. W. and Schutz, B. F. and Schwalbe, S. G. and Scott, J. and Scott, S. M. and Seidel, E. and Sellers, D. and Sengupta, A. S. and Sentenac, D. and Sequino, V. and Sergeev, A. and Setyawati, Y. and Shaddock, D. A. and Shaffer, T. J. and Shah, A. A. and Shahriar, M. S. and Shaner, M. B. and Shao, L. and Shapiro, B. and Shawhan, P. and Shen, H. and Shoemaker, D. H. and Shoemaker, D. M. and Siellez, K. and Siemens, X. and Sieniawska, M. and Sigg, D. and Silva, A. D. and Singer, L. P. and Singh, A. and Singhal, A. and Sintes, A. M. and Slagmolen, B. J. J. and Slaven-Blair, T. J. and Smith, B. and Smith, J. R. and Smith, R. J. E. and Somala, S. and Son, E. J. and Sorazu, B. and Sorrentino, F. and Souradeep, T. and Spencer, A. P. and Srivastava, A. K. and Staats, K. and Steinke, M. and Steinlechner, J. and Steinlechner, S. and Steinmeyer, D. and Steltner, B. and Stevenson, S. P. and Stocks, D. and Stone, R. and Stops, D. J. and Strain, K. A. and Stratta, G. and Strigin, S. E. and Strunk, A. and Sturani, R. and Stuver, A. L. and Summerscales, T. Z. and Sun, L. and Sunil, S. and Suresh, J. and Sutton, P. J. and Swinkels, B. L. and Szczepa\ifmmode \acute{n}\else \'{n}\fi{}czyk, M. J. and Tacca, M. and Tait, S. C. and Talbot, C. and Talukder, D. and Tanner, D. B. and T\'apai, M. and Taracchini, A. and Tasson, J. D. and Taylor, J. A. and Taylor, R. and Tewari, S. V. and Theeg, T. and Thies, F. and Thomas, E. G. and Thomas, M. and Thomas, P. and Thorne, K. A. and Thrane, E. and Tiwari, S. and Tiwari, V. and Tokmakov, K. V. and Toland, K. and Tonelli, M. and Tornasi, Z. and Torres-Forn\'e, A. and Torrie, C. I. and T\"oyr\"a, D. and Travasso, F. and Traylor, G. and Trinastic, J. and Tringali, M. C. and Trovato, A. and Trozzo, L. and Tsang, K. W. and Tse, M. and Tso, R. and Tsuna, D. and Tsukada, L. and Tuyenbayev, D. and Ueno, K. and Ugolini, D. and Urban, A. L. and Usman, S. A. and Vahlbruch, H. and Vajente, G. and Valdes, G. and van Bakel, N. and van Beuzekom, M. and van den Brand, J. F. J. and Van Den Broeck, C. and Vander-Hyde, D. C. and van der Schaaf, L. and van Heijningen, J. V. and van Veggel, A. A. and Vardaro, M. and Varma, V. and Vass, S. and Vas\'uth, M. and Vecchio, A. and Vedovato, G. and Veitch, J. and Veitch, P. J. and Venkateswara, K. and Venugopalan, G. and Verkindt, D. and Vetrano, F. and Vicer\'e, A. and Viets, A. D. and Vinciguerra, S. and Vine, D. J. and Vinet, J.-Y. and Vitale, S. and Vo, T. and Vocca, H. and Vorvick, C. and Vyatchanin, S. P. and Wade, A. R. and Wade, L. E. and Wade, M. and Walet, R. and Walker, M. and Wallace, L. and Walsh, S. and Wang, G. and Wang, H. and Wang, J. Z. and Wang, W. H. and Wang, Y. F. and Ward, R. L. and Warner, J. and Was, M. and Watchi, J. and Weaver, B. and Wei, L.-W. and Weinert, M. and Weinstein, A. J. and Weiss, R. and Wellmann, F. and Wen, L. and Wessel, E. K. and We\ss{}els, P. and Westerweck, J. and Wette, K. and Whelan, J. T. and Whiting, B. F. and Whittle, C. and Wilken, D. and Williams, D. and Williams, R. D. and Williamson, A. R. and Willis, J. L. and Willke, B. and Wimmer, M. H. and Winkler, W. and Wipf, C. C. and Wittel, H. and Woan, G. and Woehler, J. and Wofford, J. K. and Wong, W. K. and Worden, J. and Wright, J. L. and Wu, D. S. and Wysocki, D. M. and Xiao, S. and Yam, W. and Yamamoto, H. and Yancey, C. C. and Yang, L. and Yap, M. J. and Yazback, M. and Yu, Hang and Yu, Haocun and Yvert, M. and Zadro\ifmmode \dot{z}\else \.{z}\fi{}ny, A. and Zanolin, M. and Zelenova, T. and Zendri, J.-P. and Zevin, M. and Zhang, J. and Zhang, L. and Zhang, M. and Zhang, T. and Zhang, Y.-H. and Zhao, C. and Zhou, M. and Zhou, Z. and Zhu, S. J. and Zhu, X. J. and Zimmerman, A. B. and Zlochower, Y. and Zucker, M. E. and Zweizig, J.},
  collaboration = {The LIGO Scientific Collaboration and the Virgo Collaboration},
  journal = {Phys. Rev. Lett.},
  volume = {121},
  issue = {16},
  pages = {161101},
  numpages = {16},
  year = {2018},
  month = {Oct},
  publisher = {American Physical Society},
  doi = {10.1103/PhysRevLett.121.161101},
  url = {https://link.aps.org/doi/10.1103/PhysRevLett.121.161101}
}

@article{GW2,
  title = {Properties of the Binary Neutron Star Merger GW170817},
  author = {Abbott, B. P. and Abbott, R. and Abbott, T. D. and Acernese, F. and Ackley, K. and Adams, C. and Adams, T. and Addesso, P. and Adhikari, R. X. and Adya, V. B. and Affeldt, C. and Agarwal, B. and Agathos, M. and Agatsuma, K. and Aggarwal, N. and Aguiar, O. D. and Aiello, L. and Ain, A. and Ajith, P. and Allen, B. and Allen, G. and Allocca, A. and Aloy, M. A. and Altin, P. A. and Amato, A. and Ananyeva, A. and Anderson, S. B. and Anderson, W. G. and Angelova, S. V. and Antier, S. and Appert, S. and Arai, K. and Araya, M. C. and Areeda, J. S. and Ar\`ene, M. and Arnaud, N. and Arun, K. G. and Ascenzi, S. and Ashton, G. and Ast, M. and Aston, S. M. and Astone, P. and Atallah, D. V. and Aubin, F. and Aufmuth, P. and Aulbert, C. and AultONeal, K. and Austin, C. and Avila-Alvarez, A. and Babak, S. and Bacon, P. and Badaracco, F. and Bader, M. K. M. and Bae, S. and Baker, P. T. and Baldaccini, F. and Ballardin, G. and Ballmer, S. W. and Banagiri, S. and Barayoga, J. C. and Barclay, S. E. and Barish, B. C. and Barker, D. and Barkett, K. and Barnum, S. and Barone, F. and Barr, B. and Barsotti, L. and Barsuglia, M. and Barta, D. and Bartlett, J. and Bartos, I. and Bassiri, R. and Basti, A. and Batch, J. C. and Bawaj, M. and Bayley, J. C. and Bazzan, M. and B\'ecsy, B. and Beer, C. and Bejger, M. and Belahcene, I. and Bell, A. S. and Beniwal, D. and Bensch, M. and Berger, B. K. and Bergmann, G. and Bernuzzi, S. and Bero, J. J. and Berry, C. P. L. and Bersanetti, D. and Bertolini, A. and Betzwieser, J. and Bhandare, R. and Bilenko, I. A. and Bilgili, S. A. and Billingsley, G. and Billman, C. R. and Birch, J. and Birney, R. and Birnholtz, O. and Biscans, S. and Biscoveanu, S. and Bisht, A. and Bitossi, M. and Bizouard, M. A. and Blackburn, J. K. and Blackman, J. and Blair, C. D. and Blair, D. G. and Blair, R. M. and Bloemen, S. and Bock, O. and Bode, N. and Boer, M. and Boetzel, Y. and Bogaert, G. and Bohe, A. and Bondu, F. and Bonilla, E. and Bonnand, R. and Booker, P. and Boom, B. A. and Booth, C. D. and Bork, R. and Boschi, V. and Bose, S. and Bossie, K. and Bossilkov, V. and Bosveld, J. and Bouffanais, Y. and Bozzi, A. and Bradaschia, C. and Brady, P. R. and Bramley, A. and Branchesi, M. and Brau, J. E. and Briant, T. and Brighenti, F. and Brillet, A. and Brinkmann, M. and Brisson, V. and Brockill, P. and Brooks, A. F. and Brown, D. D. and Brunett, S. and Buchanan, C. C. and Buikema, A. and Bulik, T. and Bulten, H. J. and Buonanno, A. and Buskulic, D. and Buy, C. and Byer, R. L. and Cabero, M. and Cadonati, L. and Cagnoli, G. and Cahillane, C. and Bustillo, J. Calder\'on and Callister, T. A. and Calloni, E. and Camp, J. B. and Canepa, M. and Canizares, P. and Cannon, K. C. and Cao, H. and Cao, J. and Capano, C. D. and Capocasa, E. and Carbognani, F. and Caride, S. and Carney, M. F. and Carullo, G. and Diaz, J. Casanueva and Casentini, C. and Caudill, S. and Cavagli\`a, M. and Cavalier, F. and Cavalieri, R. and Cella, G. and Cepeda, C. B. and Cerd\'a-Dur\'an, P. and Cerretani, G. and Cesarini, E. and Chaibi, O. and Chamberlin, S. J. and Chan, M. and Chao, S. and Charlton, P. and Chase, E. and Chassande-Mottin, E. and Chatterjee, D. and Chatziioannou, K. and Cheeseboro, B. D. and Chen, H. Y. and Chen, X. and Chen, Y. and Cheng, H.-P. and Chia, H. Y. and Chincarini, A. and Chiummo, A. and Chmiel, T. and Cho, H. S. and Cho, M. and Chow, J. H. and Christensen, N. and Chu, Q. and Chua, A. J. K. and Chua, S. and Chung, K. W. and Chung, S. and Ciani, G. and Ciobanu, A. A. and Ciolfi, R. and Cipriano, F. and Cirelli, C. E. and Cirone, A. and Clara, F. and Clark, J. A. and Clearwater, P. and Cleva, F. and Cocchieri, C. and Coccia, E. and Cohadon, P.-F. and Cohen, D. and Colla, A. and Collette, C. G. and Collins, C. and Cominsky, L. R. and Constancio, M. and Conti, L. and Cooper, S. J. and Corban, P. and Corbitt, T. R. and Cordero-Carri\'on, I. and Corley, K. R. and Cornish, N. and Corsi, A. and Cortese, S. and Costa, C. A. and Cotesta, R. and Coughlin, M. W. and Coughlin, S. B. and Coulon, J.-P. and Countryman, S. T. and Couvares, P. and Covas, P. B. and Cowan, E. E. and Coward, D. M. and Cowart, M. J. and Coyne, D. C. and Coyne, R. and Creighton, J. D. E. and Creighton, T. D. and Cripe, J. and Crowder, S. G. and Cullen, T. J. and Cumming, A. and Cunningham, L. and Cuoco, E. and Canton, T. Dal and D\'alya, G. and Danilishin, S. L. and D'Antonio, S. and Danzmann, K. and Dasgupta, A. and Costa, C. F. Da Silva and Dattilo, V. and Dave, I. and Davier, M. and Davis, D. and Daw, E. J. and Day, B. and DeBra, D. and Deenadayalan, M. and Degallaix, J. and De Laurentis, M. and Del\'eglise, S. and Del Pozzo, W. and Demos, N. and Denker, T. and Dent, T. and De Pietri, R. and Derby, J. and Dergachev, V. and De Rosa, R. and De Rossi, C. and DeSalvo, R. and de Varona, O. and Dhurandhar, S. and D\'{\i}az, M. C. and Dietrich, T. and Di Fiore, L. and Di Giovanni, M. and Di Girolamo, T. and Di Lieto, A. and Ding, B. and Di Pace, S. and Di Palma, I. and Di Renzo, F. and Dmitriev, A. and Doctor, Z. and Dolique, V. and Donovan, F. and Dooley, K. L. and Doravari, S. and Dorrington, I. and \'Alvarez, M. Dovale and Downes, T. P. and Drago, M. and Dreissigacker, C. and Driggers, J. C. and Du, Z. and Dudi, R. and Dupej, P. and Dwyer, S. E. and Easter, P. J. and Edo, T. B. and Edwards, M. C. and Effler, A. and Eggenstein, H.-B. and Ehrens, P. and Eichholz, J. and Eikenberry, S. S. and Eisenmann, M. and Eisenstein, R. A. and Essick, R. C. and Estelles, H. and Estevez, D. and Etienne, Z. B. and Etzel, T. and Evans, M. and Evans, T. M. and Fafone, V. and Fair, H. and Fairhurst, S. and Fan, X. and Farinon, S. and Farr, B. and Farr, W. M. and Fauchon-Jones, E. J. and Favata, M. and Fays, M. and Fee, C. and Fehrmann, H. and Feicht, J. and Fejer, M. M. and Feng, F. and Fernandez-Galiana, A. and Ferrante, I. and Ferreira, E. C. and Ferrini, F. and Fidecaro, F. and Fiori, I. and Fiorucci, D. and Fishbach, M. and Fisher, R. P. and Fishner, J. M. and Fitz-Axen, M. and Flaminio, R. and Fletcher, M. and Fong, H. and Font, J. A. and Forsyth, P. W. F. and Forsyth, S. S. and Fournier, J.-D. and Frasca, S. and Frasconi, F. and Frei, Z. and Freise, A. and Frey, R. and Frey, V. and Fritschel, P. and Frolov, V. V. and Fulda, P. and Fyffe, M. and Gabbard, H. A. and Gadre, B. U. and Gaebel, S. M. and Gair, J. R. and Gammaitoni, L. and Ganija, M. R. and Gaonkar, S. G. and Garcia, A. and Garc\'{\i}a-Quir\'os, C. and Garufi, F. and Gateley, B. and Gaudio, S. and Gaur, G. and Gayathri, V. and Gemme, G. and Genin, E. and Gennai, A. and George, D. and George, J. and Gergely, L. and Germain, V. and Ghonge, S. and Ghosh, Abhirup and Ghosh, Archisman and Ghosh, S. and Giacomazzo, B. and Giaime, J. A. and Giardina, K. D. and Giazotto, A. and Gill, K. and Giordano, G. and Glover, L. and Goetz, E. and Goetz, R. and Goncharov, B. and Gonz\'alez, G. and Castro, J. M. Gonzalez and Gopakumar, A. and Gorodetsky, M. L. and Gossan, S. E. and Gosselin, M. and Gouaty, R. and Grado, A. and Graef, C. and Granata, M. and Grant, A. and Gras, S. and Gray, C. and Greco, G. and Green, A. C. and Green, R. and Gretarsson, E. M. and Groot, P. and Grote, H. and Grunewald, S. and Gruning, P. and Guidi, G. M. and Gulati, H. K. and Guo, X. and Gupta, A. and Gupta, M. K. and Gushwa, K. E. and Gustafson, E. K. and Gustafson, R. and Halim, O. and Hall, B. R. and Hall, E. D. and Hamilton, E. Z. and Hamilton, H. F. and Hammond, G. and Haney, M. and Hanke, M. M. and Hanks, J. and Hanna, C. and Hannam, M. D. and Hannuksela, O. A. and Hanson, J. and Hardwick, T. and Harms, J. and Harry, G. M. and Harry, I. W. and Hart, M. J. and Haster, C.-J. and Haughian, K. and Healy, J. and Heidmann, A. and Heintze, M. C. and Heitmann, H. and Hello, P. and Hemming, G. and Hendry, M. and Heng, I. S. and Hennig, J. and Heptonstall, A. W. and Hernandez, F. J. and Heurs, M. and Hild, S. and Hinderer, T. and Hoak, D. and Hochheim, S. and Hofman, D. and Holland, N. A. and Holt, K. and Holz, D. E. and Hopkins, P. and Horst, C. and Hough, J. and Houston, E. A. and Howell, E. J. and Hreibi, A. and Huerta, E. A. and Huet, D. and Hughey, B. and Hulko, M. and Husa, S. and Huttner, S. H. and Huynh-Dinh, T. and Iess, A. and Indik, N. and Ingram, C. and Inta, R. and Intini, G. and Isa, H. N. and Isac, J.-M. and Isi, M. and Iyer, B. R. and Izumi, K. and Jacqmin, T. and Jani, K. and Jaranowski, P. and Johnson, D. S. and Johnson, W. W. and Jones, D. I. and Jones, R. and Jonker, R. J. G. and Ju, L. and Junker, J. and Kalaghatgi, C. V. and Kalogera, V. and Kamai, B. and Kandhasamy, S. and Kang, G. and Kanner, J. B. and Kapadia, S. J. and Karki, S. and Karvinen, K. S. and Kasprzack, M. and Kastaun, W. and Katolik, M. and Katsanevas, S. and Katsavounidis, E. and Katzman, W. and Kaufer, S. and Kawabe, K. and Keerthana, N. V. and K\'ef\'elian, F. and Keitel, D. and Kemball, A. J. and Kennedy, R. and Key, J. S. and Khalili, F. Y. and Khamesra, B. and Khan, H. and Khan, I. and Khan, S. and Khan, Z. and Khazanov, E. A. and Kijbunchoo, N. and Kim, Chunglee and Kim, J. C. and Kim, K. and Kim, W. and Kim, W. S. and Kim, Y.-M. and King, E. J. and King, P. J. and Kinley-Hanlon, M. and Kirchhoff, R. and Kissel, J. S. and Kleybolte, L. and Klimenko, S. and Knowles, T. D. and Koch, P. and Koehlenbeck, S. M. and Koley, S. and Kondrashov, V. and Kontos, A. and Korobko, M. and Korth, W. Z. and Kowalska, I. and Kozak, D. B. and Kr\"amer, C. and Kringel, V. and Krishnan, B. and Kr\'olak, A. and Kuehn, G. and Kumar, P. and Kumar, R. and Kumar, S. and Kuo, L. and Kutynia, A. and Kwang, S. and Lackey, B. D. and Lai, K. H. and Landry, M. and Landry, P. and Lang, R. N. and Lange, J. and Lantz, B. and Lanza, R. K. and Lartaux-Vollard, A. and Lasky, P. D. and Laxen, M. and Lazzarini, A. and Lazzaro, C. and Leaci, P. and Leavey, S. and Lee, C. H. and Lee, H. K. and Lee, H. M. and Lee, H. W. and Lee, K. and Lehmann, J. and Lenon, A. and Leonardi, M. and Leroy, N. and Letendre, N. and Levin, Y. and Li, J. and Li, T. G. F. and Li, X. and Linker, S. D. and Littenberg, T. B. and Liu, J. and Liu, X. and Lo, R. K. L. and Lockerbie, N. A. and London, L. T. and Longo, A. and Lorenzini, M. and Loriette, V. and Lormand, M. and Losurdo, G. and Lough, J. D. and Lousto, C. O. and Lovelace, G. and L\"uck, H. and Lumaca, D. and Lundgren, A. P. and Lynch, R. and Ma, Y. and Macas, R. and Macfoy, S. and Machenschalk, B. and MacInnis, M. and Macleod, D. M. and Hernandez, I. Maga\~na and Maga\~na-Sandoval, F. and Zertuche, L. Maga\~na and Magee, R. M. and Majorana, E. and Maksimovic, I. and Man, N. and Mandic, V. and Mangano, V. and Mansell, G. L. and Manske, M. and Mantovani, M. and Marchesoni, F. and Marion, F. and M\'arka, S. and M\'arka, Z. and Markakis, C. and Markosyan, A. S. and Markowitz, A. and Maros, E. and Marquina, A. and Martelli, F. and Martellini, L. and Martin, I. W. and Martin, R. M. and Martynov, D. V. and Mason, K. and Massera, E. and Masserot, A. and Massinger, T. J. and Masso-Reid, M. and Mastrogiovanni, S. and Matas, A. and Matichard, F. and Matone, L. and Mavalvala, N. and Mazumder, N. and McCann, J. J. and McCarthy, R. and McClelland, D. E. and McCormick, S. and McCuller, L. and McGuire, S. C. and McIver, J. and McManus, D. J. and McRae, T. and McWilliams, S. T. and Meacher, D. and Meadors, G. D. and Mehmet, M. and Meidam, J. and Mejuto-Villa, E. and Melatos, A. and Mendell, G. and Mendoza-Gandara, D. and Mercer, R. A. and Mereni, L. and Merilh, E. L. and Merzougui, M. and Meshkov, S. and Messenger, C. and Messick, C. and Metzdorff, R. and Meyers, P. M. and Miao, H. and Michel, C. and Middleton, H. and Mikhailov, E. E. and Milano, L. and Miller, A. L. and Miller, A. and Miller, B. B. and Miller, J. and Millhouse, M. and Mills, J. and Milovich-Goff, M. C. and Minazzoli, O. and Minenkov, Y. and Ming, J. and Mishra, C. and Mitra, S. and Mitrofanov, V. P. and Mitselmakher, G. and Mittleman, R. and Moffa, D. and Mogushi, K. and Mohan, M. and Mohapatra, S. R. P. and Montani, M. and Moore, C. J. and Moraru, D. and Moreno, G. and Morisaki, S. and Mours, B. and Mow-Lowry, C. M. and Mueller, G. and Muir, A. W. and Mukherjee, Arunava and Mukherjee, D. and Mukherjee, S. and Mukund, N. and Mullavey, A. and Munch, J. and Mu\~niz, E. A. and Muratore, M. and Murray, P. G. and Nagar, A. and Napier, K. and Nardecchia, I. and Naticchioni, L. and Nayak, R. K. and Neilson, J. and Nelemans, G. and Nelson, T. J. N. and Nery, M. and Neunzert, A. and Nevin, L. and Newport, J. M. and Ng, K. Y. and Ng, S. and Nguyen, P. and Nguyen, T. T. and Nichols, D. and Nielsen, A. B. and Nissanke, S. and Nitz, A. and Nocera, F. and Nolting, D. and North, C. and Nuttall, L. K. and Obergaulinger, M. and Oberling, J. and O'Brien, B. D. and O'Dea, G. D. and Ogin, G. H. and Oh, J. J. and Oh, S. H. and Ohme, F. and Ohta, H. and Okada, M. A. and Oliver, M. and Oppermann, P. and Oram, Richard J. and O'Reilly, B. and Ormiston, R. and Ortega, L. F. and O'Shaughnessy, R. and Ossokine, S. and Ottaway, D. J. and Overmier, H. and Owen, B. J. and Pace, A. E. and Pagano, G. and Page, J. and Page, M. A. and Pai, A. and Pai, S. A. and Palamos, J. R. and Palashov, O. and Palomba, C. and Pal-Singh, A. and Pan, Howard and Pan, Huang-Wei and Pang, B. and Pang, P. T. H. and Pankow, C. and Pannarale, F. and Pant, B. C. and Paoletti, F. and Paoli, A. and Papa, M. A. and Parida, A. and Parker, W. and Pascucci, D. and Pasqualetti, A. and Passaquieti, R. and Passuello, D. and Patil, M. and Patricelli, B. and Pearlstone, B. L. and Pedersen, C. and Pedraza, M. and Pedurand, R. and Pekowsky, L. and Pele, A. and Penn, S. and Perez, C. J. and Perreca, A. and Perri, L. M. and Pfeiffer, H. P. and Phelps, M. and Phukon, K. S. and Piccinni, O. J. and Pichot, M. and Piergiovanni, F. and Pierro, V. and Pillant, G. and Pinard, L. and Pinto, I. M. and Pirello, M. and Pitkin, M. and Poggiani, R. and Popolizio, P. and Porter, E. K. and Possenti, L. and Post, A. and Powell, J. and Prasad, J. and Pratt, J. W. W. and Pratten, G. and Predoi, V. and Prestegard, T. and Principe, M. and Privitera, S. and Prodi, G. A. and Prokhorov, L. G. and Puncken, O. and Punturo, M. and Puppo, P. and P\"urrer, M. and Qi, H. and Quetschke, V. and Quintero, E. A. and Quitzow-James, R. and Raab, F. J. and Rabeling, D. S. and Radkins, H. and Raffai, P. and Raja, S. and Rajan, C. and Rajbhandari, B. and Rakhmanov, M. and Ramirez, K. E. and Ramos-Buades, A. and Rana, Javed and Rapagnani, P. and Raymond, V. and Razzano, M. and Read, J. and Regimbau, T. and Rei, L. and Reid, S. and Reitze, D. H. and Ren, W. and Ricci, F. and Ricker, P. M. and Riemenschneider, G. and Riles, K. and Rizzo, M. and Robertson, N. A. and Robie, R. and Robinet, F. and Robson, T. and Rocchi, A. and Rolland, L. and Rollins, J. G. and Roma, V. J. and Romano, R. and Romel, C. L. and Romie, J. H. and Rosi\ifmmode \acute{n}\else \'{n}\fi{}ska, D. and Ross, M. P. and Rowan, S. and R\"udiger, A. and Ruggi, P. and Rutins, G. and Ryan, K. and Sachdev, S. and Sadecki, T. and Sakellariadou, M. and Salconi, L. and Saleem, M. and Salemi, F. and Samajdar, A. and Sammut, L. and Sampson, L. M. and Sanchez, E. J. and Sanchez, L. E. and Sanchis-Gual, N. and Sandberg, V. and Sanders, J. R. and Sarin, N. and Sassolas, B. and Sathyaprakash, B. S. and Saulson, P. R. and Sauter, O. and Savage, R. L. and Sawadsky, A. and Schale, P. and Scheel, M. and Scheuer, J. and Schmidt, P. and Schnabel, R. and Schofield, R. M. S. and Sch\"onbeck, A. and Schreiber, E. and Schuette, D. and Schulte, B. W. and Schutz, B. F. and Schwalbe, S. G. and Scott, J. and Scott, S. M. and Seidel, E. and Sellers, D. and Sengupta, A. S. and Sentenac, D. and Sequino, V. and Sergeev, A. and Setyawati, Y. and Shaddock, D. A. and Shaffer, T. J. and Shah, A. A. and Shahriar, M. S. and Shaner, M. B. and Shao, L. and Shapiro, B. and Shawhan, P. and Shen, H. and Shoemaker, D. H. and Shoemaker, D. M. and Siellez, K. and Siemens, X. and Sieniawska, M. and Sigg, D. and Silva, A. D. and Singer, L. P. and Singh, A. and Singhal, A. and Sintes, A. M. and Slagmolen, B. J. J. and Slaven-Blair, T. J. and Smith, B. and Smith, J. R. and Smith, R. J. E. and Somala, S. and Son, E. J. and Sorazu, B. and Sorrentino, F. and Souradeep, T. and Spencer, A. P. and Srivastava, A. K. and Staats, K. and Steinke, M. and Steinlechner, J. and Steinlechner, S. and Steinmeyer, D. and Steltner, B. and Stevenson, S. P. and Stocks, D. and Stone, R. and Stops, D. J. and Strain, K. A. and Stratta, G. and Strigin, S. E. and Strunk, A. and Sturani, R. and Stuver, A. L. and Summerscales, T. Z. and Sun, L. and Sunil, S. and Suresh, J. and Sutton, P. J. and Swinkels, B. L. and Szczepa\ifmmode \acute{n}\else \'{n}\fi{}czyk, M. J. and Tacca, M. and Tait, S. C. and Talbot, C. and Talukder, D. and Tanner, D. B. and T\'apai, M. and Taracchini, A. and Tasson, J. D. and Taylor, J. A. and Taylor, R. and Tewari, S. V. and Theeg, T. and Thies, F. and Thomas, E. G. and Thomas, M. and Thomas, P. and Thorne, K. A. and Thrane, E. and Tiwari, S. and Tiwari, V. and Tokmakov, K. V. and Toland, K. and Tonelli, M. and Tornasi, Z. and Torres-Forn\'e, A. and Torrie, C. I. and T\"oyr\"a, D. and Travasso, F. and Traylor, G. and Trinastic, J. and Tringali, M. C. and Trozzo, L. and Tsang, K. W. and Tse, M. and Tso, R. and Tsuna, D. and Tsukada, L. and Tuyenbayev, D. and Ueno, K. and Ugolini, D. and Urban, A. L. and Usman, S. A. and Vahlbruch, H. and Vajente, G. and Valdes, G. and van Bakel, N. and van Beuzekom, M. and van den Brand, J. F. J. and Van Den Broeck, C. and Vander-Hyde, D. C. and van der Schaaf, L. and van Heijningen, J. V. and van Veggel, A. A. and Vardaro, M. and Varma, V. and Vass, S. and Vas\'uth, M. and Vecchio, A. and Vedovato, G. and Veitch, J. and Veitch, P. J. and Venkateswara, K. and Venugopalan, G. and Verkindt, D. and Vetrano, F. and Vicer\'e, A. and Viets, A. D. and Vinciguerra, S. and Vine, D. J. and Vinet, J.-Y. and Vitale, S. and Vo, T. and Vocca, H. and Vorvick, C. and Vyatchanin, S. P. and Wade, A. R. and Wade, L. E. and Wade, M. and Walet, R. and Walker, M. and Wallace, L. and Walsh, S. and Wang, G. and Wang, H. and Wang, J. Z. and Wang, W. H. and Wang, Y. F. and Ward, R. L. and Warner, J. and Was, M. and Watchi, J. and Weaver, B. and Wei, L.-W. and Weinert, M. and Weinstein, A. J. and Weiss, R. and Wellmann, F. and Wen, L. and Wessel, E. K. and We\ss{}els, P. and Westerweck, J. and Wette, K. and Whelan, J. T. and Whiting, B. F. and Whittle, C. and Wilken, D. and Williams, D. and Williams, R. D. and Williamson, A. R. and Willis, J. L. and Willke, B. and Wimmer, M. H. and Winkler, W. and Wipf, C. C. and Wittel, H. and Woan, G. and Woehler, J. and Wofford, J. K. and Wong, W. K. and Worden, J. and Wright, J. L. and Wu, D. S. and Wysocki, D. M. and Xiao, S. and Yam, W. and Yamamoto, H. and Yancey, C. C. and Yang, L. and Yap, M. J. and Yazback, M. and Yu, Hang and Yu, Haocun and Yvert, M. and Zadro\ifmmode \dot{z}\else \.{z}\fi{}ny, A. and Zanolin, M. and Zelenova, T. and Zendri, J.-P. and Zevin, M. and Zhang, J. and Zhang, L. and Zhang, M. and Zhang, T. and Zhang, Y.-H. and Zhao, C. and Zhou, M. and Zhou, Z. and Zhu, S. J. and Zhu, X. J. and Zimmerman, A. B. and Zlochower, Y. and Zucker, M. E. and Zweizig, J.},
  collaboration = {LIGO Scientific Collaboration and Virgo Collaboration},
  journal = {Phys. Rev. X},
  volume = {9},
  issue = {1},
  pages = {011001},
  numpages = {32},
  year = {2019},
  month = {Jan},
  publisher = {American Physical Society},
  doi = {10.1103/PhysRevX.9.011001},
  url = {https://link.aps.org/doi/10.1103/PhysRevX.9.011001}
}

@article{Wiringa1988,
  title = {Equation of state for dense nucleon matter},
  author = {Wiringa, R. B. and Fiks, V. and Fabrocini, A.},
  journal = {Phys. Rev. C},
  volume = {38},
  issue = {2},
  pages = {1010--1037},
  numpages = {0},
  year = {1988},
  month = {Aug},
  publisher = {American Physical Society},
  doi = {10.1103/PhysRevC.38.1010},
  url = {https://link.aps.org/doi/10.1103/PhysRevC.38.1010}
}

@article{Espinoza2011,
    author = {Espinoza, C. M. and Lyne, A. G. and Stappers, B. W. and Kramer, M.},
    title = "{A study of 315 glitches in the rotation of 102 pulsars}",
    journal = {Monthly Notices of the Royal Astronomical Society},
    volume = {414},
    number = {2},
    pages = {1679-1704},
    year = {2011},
    month = {06},
    abstract = "{The rotation of more than 700 pulsars has been monitored using the 76-m Lovell Telescope at Jodrell Bank. Here we report on a new search for glitches in the observations, revealing 128 new glitches in the rotation of 63 pulsars. Combining these new data with those already published, we present a data base containing 315 glitches in 102 pulsars. The data base was used to study the glitch activity among the pulsar population, finding that it peaks for pulsars with a characteristic age τc∼ 10 kyr and decreases for longer values of τc, disappearing for objects with τc \\&gt; 20 Myr. The glitch activity is also smaller in the very young pulsars (τc≲ 1 kyr). The cumulative effect of glitches, a collection of instantaneous spin-up events, acts to reduce the regular long-term spin-down rate  of the star. The percentage of  reversed by glitch activity was found to vary between 0.5 and 1.6 per cent for pulsars with spin-down rates  between 10−14 and 3.2 × 10−11 Hz s−1, decreasing to less than 0.01 per cent at both higher and lower spin-down rates. These ratios are interpreted in terms of the amount of superfluid involved in the generation of glitches. In this context, the activity of the youngest pulsar studied, the Crab pulsar, may be explained by quake-like activity within the crust. Pulsars with low spin-down rates seem to exhibit mostly small glitches, matching well the decrease of their crustal superfluid.Through the analysis of glitch sizes, it was found that the particular glitching behaviour of PSR J0537−6910 and the Vela pulsar may be shared by most Vela-like pulsars. These objects present most of their glitches with characteristic frequency and frequency derivative jumps, occurring at regular intervals of time. Their behaviour is different from other glitching pulsars of similar characteristic age.}",
    issn = {0035-8711},
    doi = {10.1111/j.1365-2966.2011.18503.x},
    url = {https://doi.org/10.1111/j.1365-2966.2011.18503.x},
    eprint = {https://academic.oup.com/mnras/article-pdf/414/2/1679/3015039/mnras0414-1679.pdf},
}

@Misc{PearsonPriv,
  author       = {Pearson, J. M.},
  howpublished = {{Private communication}},
  year         = {2019},
  institution  = {Universit\'e libre de Bruxelles},
}


@article{Avancini2008,
  title = {Warm and cold pasta phase in relativistic mean field theory},
  author = {Avancini, S. S. and Menezes, D. P. and Alloy, M. D. and Marinelli, J. R. and Moraes, M. M. W. and Provid\^encia, C.},
  journal = {Phys. Rev. C},
  volume = {78},
  issue = {1},
  pages = {015802},
  numpages = {12},
  year = {2008},
  month = {Jul},
  publisher = {American Physical Society},
  doi = {10.1103/PhysRevC.78.015802},
  url = {https://link.aps.org/doi/10.1103/PhysRevC.78.015802}
}

@article{Avancini2010,
  title = {Warm ``pasta'' phase in the Thomas-Fermi approximation},
  author = {Avancini, Sidney S. and Chiacchiera, Silvia and Menezes, D\'ebora P. and Provid\^encia, Constan\ifmmode \mbox{\c{c}}\else \c{c}\fi{}a},
  journal = {Phys. Rev. C},
  volume = {82},
  issue = {5},
  pages = {055807},
  numpages = {10},
  year = {2010},
  month = {Nov},
  publisher = {American Physical Society},
  doi = {10.1103/PhysRevC.82.055807},
  url = {https://link.aps.org/doi/10.1103/PhysRevC.82.055807}
}

@article{Grams2017,
  title = {Nuclear pasta phases within the quark-meson coupling model},
  author = {Grams, Guilherme and Santos, Alexandre M. and Panda, Prafulla K. and Provid\^encia, Constan\ifmmode \mbox{\c{c}}\else \c{c}\fi{}a and Menezes, D\'ebora P.},
  journal = {Phys. Rev. C},
  volume = {95},
  issue = {5},
  pages = {055807},
  numpages = {8},
  year = {2017},
  month = {May},
  publisher = {American Physical Society},
  doi = {10.1103/PhysRevC.95.055807},
  url = {https://link.aps.org/doi/10.1103/PhysRevC.95.055807}
}

@article{Maruyama2009,
author = {Maruyama, Toshiki and Tatsumi, Toshitaka and Chiba, Satoshi },
title = {Equation of state of nuclear matter in the first order phase transition},
journal = {AIP Conference Proceedings},
volume = {1120},
number = {1},
pages = {129-134},
year = {2009},
doi = {10.1063/1.3141634},
URL = {https://aip.scitation.org/doi/abs/10.1063/1.3141634},
eprint = {https://aip.scitation.org/doi/pdf/10.1063/1.3141634}
}

@article{Yasutake2009,
  title = {Hot hadron-quark mixed phase including hyperons},
  author = {Yasutake, Nobutoshi and Maruyama, Toshiki and Tatsumi, Toshitaka},
  journal = {Phys. Rev. D},
  volume = {80},
  issue = {12},
  pages = {123009},
  numpages = {8},
  year = {2009},
  month = {Dec},
  publisher = {American Physical Society},
  doi = {10.1103/PhysRevD.80.123009},
  url = {https://link.aps.org/doi/10.1103/PhysRevD.80.123009}
}

@article{Yasutake2011,
	doi = {10.1088/1742-6596/312/4/042027},
	url = {https://doi.org/10.1088%2F1742-6596%2F312%2F4%2F042027},
	year = 2011,
	month = {sep},
	publisher = {{IOP} Publishing},
	volume = {312},
	number = {4},
	pages = {042027},
	author = {Nobutoshi Yasutake and Toshiki Maruyama and Toshitaka Tatsumi},
	title = {Pasta Structures of Quark-Hadron Phase Transition in Proto-Neutron Stars},
	journal = {Journal of Physics: Conference Series},
	abstract = {We study the quark-hadron mixed phase in proto-neutron stars with the finite-size effects. In the calculations of pasta structures appeared in the mixed phase, the Gibbs conditions require the pressure balance and chemical equilibrium between two phases besides the thermal equilibrium. We find that the region of the mixed phase is limited due to thermal instability. Moreover, we study the effects of neutrinos to the pasta structures. As a result, we find that the existence of neutrinos make the pasta structures unstable, too. These characteristic features of the hadron-quark mixed phase should be important for the middle stage of the evolutions of proto-neutron stars.}
}

@article{Yasutake2014,
  title = {Finite-size effects at the hadron-quark transition and heavy hybrid stars},
  author = {Yasutake, Nobutoshi and \L{}astowiecki, Rafa\l{} and Beni\ifmmode \acute{c}\else \'{c}\fi{}, Sanjin and Blaschke, David and Maruyama, Toshiki and Tatsumi, Toshitaka},
  journal = {Phys. Rev. C},
  volume = {89},
  issue = {6},
  pages = {065803},
  numpages = {10},
  year = {2014},
  month = {Jun},
  publisher = {American Physical Society},
  doi = {10.1103/PhysRevC.89.065803},
  url = {https://link.aps.org/doi/10.1103/PhysRevC.89.065803}
}

@article{Dobaczewski2014,
	doi = {10.1088/0954-3899/41/7/074001},
	url = {https://doi.org/10.1088%2F0954-3899%2F41%2F7%2F074001},
	year = 2014,
	month = {may},
	publisher = {{IOP} Publishing},
	volume = {41},
	number = {7},
	pages = {074001},
	author = {J Dobaczewski and W Nazarewicz and P-G Reinhard},
	title = {Error estimates of theoretical models: a guide},
	journal = {Journal of Physics G: Nuclear and Particle Physics},
	abstract = {This guide offers suggestions/insights on uncertainty quantification of nuclear structure models. We discuss a simple approach to statistical-error estimates, strategies to assess systematic errors, and show how to uncover inter-dependences by correlation analysis. The basic concepts are illustrated through simple examples. By providing theoretical error bars on predicted quantities and using statistical methods to study correlations between observables, theory can significantly enhance the feedback between experiment and nuclear modeling.}
}

@article{Demorest2010,
  doi = {10.1038/nature09466},
  year = 2010,
  month = {Oct},
  author = {{Demorest}, P.~B. and {Pennucci}, T. and {Ransom}, S.~M. and
            {Roberts}, M.~S.~E. and {Hessels}, J.~W.~T.},
  title = "{A two-solar-mass neutron star measured using Shapiro delay}",
  journal = {Nature Astronomy},
  keywords = {Astrophysics - High Energy Astrophysical Phenomena, General Relativity and Quantum Cosmology, High Energy Physics - Experiment, Nuclear Experiment},
  volume = {467},
  number = {7319},
  pages = {1081-1083},
  archivePrefix = {arXiv},
  eprint = {1010.5788},
  primaryClass = {astro-ph.HE},
  adsurl = {https://ui.adsabs.harvard.edu/abs/2010Natur.467.1081D},
  adsnote = {Provided by the SAO/NASA Astrophysics Data System}
}

@ARTICLE{Cromartie2020,
       author = {{Cromartie}, H.~T. and {Fonseca}, E. and {Ransom}, S.~M. and
         {Demorest}, P.~B. and {Arzoumanian}, Z. and {Blumer}, H. and
         {Brook}, P.~R. and {DeCesar}, M.~E. and {Dolch}, T. and {Ellis}, J.~A. and
         {Ferdman}, R.~D. and {Ferrara}, E.~C. and {Garver-Daniels}, N. and
         {Gentile}, P.~A. and {Jones}, M.~L. and {Lam}, M.~T. and
         {Lorimer}, D.~R. and {Lynch}, R.~S. and {McLaughlin}, M.~A. and
         {Ng}, C. and {Nice}, D.~J. and {Pennucci}, T.~T. and {Spiewak}, R. and
         {Stairs}, I.~H. and {Stovall}, K. and {Swiggum}, J.~K. and {Zhu}, W.~W.},
        title = "{Relativistic Shapiro delay measurements of an extremely massive millisecond pulsar}",
      journal = {Nature Astronomy},
     keywords = {Astrophysics - High Energy Astrophysical Phenomena},
         year = 2020,
        month = jan,
       volume = {4},
        pages = {72-76},
          doi = {10.1038/s41550-019-0880-2},
archivePrefix = {arXiv},
       eprint = {1904.06759},
 primaryClass = {astro-ph.HE},
       adsurl = {https://ui.adsabs.harvard.edu/abs/2020NatAs...4...72C},
      adsnote = {Provided by the SAO/NASA Astrophysics Data System}
}

@article{Tolman1939,
  title = {Static Solutions of Einstein's Field Equations for Spheres of Fluid},
  author = {Tolman, Richard C.},
  journal = {Phys. Rev.},
  volume = {55},
  issue = {4},
  pages = {364--373},
  numpages = {0},
  year = {1939},
  month = {Feb},
  publisher = {American Physical Society},
  doi = {10.1103/PhysRev.55.364},
  url = {https://link.aps.org/doi/10.1103/PhysRev.55.364}
}

@article{Oppenheimer1939,
  title = {On Massive Neutron Cores},
  author = {Oppenheimer, J. R. and Volkoff, G. M.},
  journal = {Phys. Rev.},
  volume = {55},
  issue = {4},
  pages = {374--381},
  numpages = {0},
  year = {1939},
  month = {Feb},
  publisher = {American Physical Society},
  doi = {10.1103/PhysRev.55.374},
  url = {https://link.aps.org/doi/10.1103/PhysRev.55.374}
}

@article{Long2004,
  title = {New effective interactions in relativistic mean field theory with nonlinear terms and density-dependent meson-nucleon coupling},
  author = {Long, Wenhui and Meng, Jie and Giai, Nguyen Van and Zhou, Shan-Gui},
  journal = {Phys. Rev. C},
  volume = {69},
  issue = {3},
  pages = {034319},
  numpages = {15},
  year = {2004},
  month = {Mar},
  publisher = {American Physical Society},
  doi = {10.1103/PhysRevC.69.034319},
  url = {https://link.aps.org/doi/10.1103/PhysRevC.69.034319}
}

@article{Sumiyoshi1995,
  title = {Relativistic mean-field theory with non-linear $\sigma$ and $\omega$ terms for neutron stars and supernovae},
  author = {K. Sumiyoshi and H. Kuwabara and H. Toki},
  journal = {Nuclear Physics A},
  volume = {581},
  number = {3},
  pages = {725--746},
  year = {1995},
  doi = {https://doi.org/10.1016/0375-9474(94)00335-K},
  url = {http://www.sciencedirect.com/science/article/pii/037594749400335K}
}

@article{Shapiro1964,
  title = {Fourth Test of General Relativity},
  author = {Shapiro, Irwin I.},
  journal = {Phys. Rev. Lett.},
  volume = {13},
  issue = {26},
  pages = {789--791},
  numpages = {0},
  year = {1964},
  month = {Dec},
  publisher = {American Physical Society},
  doi = {10.1103/PhysRevLett.13.789},
  url = {https://link.aps.org/doi/10.1103/PhysRevLett.13.789}
}

@inproceedings{NICER,
author = {Keith C. Gendreau and Zaven Arzoumanian and Takashi Okajima},
title = {{The Neutron star Interior Composition ExploreR (NICER): an Explorer mission of opportunity for soft x-ray timing spectroscopy}},
volume = {8443},
booktitle = {Space Telescopes and Instrumentation 2012: Ultraviolet to Gamma Ray},
editor = {Tadayuki Takahashi and Stephen S. Murray and Jan-Willem A. den Herder},
organization = {International Society for Optics and Photonics},
publisher = {SPIE},
pages = {322 -- 329},
keywords = {astrophysics, international Space Station (ISS), neutron stars, timing, X-ray},
year = {2012},
doi = {10.1117/12.926396},
URL = {https://doi.org/10.1117/12.926396}
}

@ARTICLE{Hartle1967,
       author = {{Hartle}, James B.},
        title = "{Slowly Rotating Relativistic Stars. I. Equations of Structure}",
      journal = {Astrophys. J.},
         year = 1967,
        month = dec,
       volume = {150},
        pages = {1005},
          doi = {10.1086/149400},
       adsurl = {https://ui.adsabs.harvard.edu/abs/1967ApJ...150.1005H},
      adsnote = {Provided by the SAO/NASA Astrophysics Data System}
}

@article{Stovall2013,
	doi = {10.1088/0264-9381/30/22/224003},
	url = {https://doi.org/10.1088%2F0264-9381%2F30%2F22%2F224003},
	year = 2013,
	month = {nov},
	publisher = {{IOP} Publishing},
	volume = {30},
	number = {22},
	pages = {224003},
	author = {K Stovall and D R Lorimer and R S Lynch},
	title = {Searching for millisecond pulsars: surveys, techniques and prospects},
	journal = {Classical and Quantum Gravity},
	abstract = {Searches for millisecond pulsars (which we here loosely define as those with periods < 20 ms) in the galactic field have undergone a renaissance in the past five years. New or recently refurbished radio telescopes utilizing cooled receivers and state-of-the art digital data acquisition systems are carrying out surveys of the entire sky at a variety of radio frequencies. Targeted searches for millisecond pulsars in point sources identified by the Fermi Gamma-ray Space Telescope have proved phenomenally successful, with over 50 discoveries in the past five years. The current sample of millisecond pulsars now numbers almost 200 and, for the first time in 25 years, now outnumbers their counterparts in galactic globular clusters. While many of these searches are motivated to find pulsars which form part of pulsar timing arrays, a wide variety of interesting systems are now being found. Following a brief overview of the millisecond pulsar phenomenon, we describe these searches and present some of the highlights of the new discoveries in the past decade. We conclude with predictions and prospects for ongoing and future surveys.}
}

@article{Lim2019,
  title = {Predicting the moment of inertia of pulsar J0737-3039A from Bayesian modeling of the nuclear equation of state},
  author = {Lim, Yeunhwan and Holt, Jeremy W. and Stahulak, Robert J.},
  journal = {Phys. Rev. C},
  volume = {100},
  issue = {3},
  pages = {035802},
  numpages = {11},
  year = {2019},
  month = {Sep},
  publisher = {American Physical Society},
  doi = {10.1103/PhysRevC.100.035802},
  url = {https://link.aps.org/doi/10.1103/PhysRevC.100.035802}
}

@article{Delsate2016,
  title = {Giant pulsar glitches and the inertia of neutron star crusts},
  author = {Delsate, T. and Chamel, N. and G\"urlebeck, N. and Fantina, A. F. and Pearson, J. M. and Ducoin, C.},
  journal = {Phys. Rev. D},
  volume = {94},
  issue = {2},
  pages = {023008},
  numpages = {12},
  year = {2016},
  month = {Jul},
  publisher = {American Physical Society},
  doi = {10.1103/PhysRevD.94.023008},
  url = {https://link.aps.org/doi/10.1103/PhysRevD.94.023008}
}

@article{Andersson2012,
  title = {Pulsar Glitches: The Crust is not Enough},
  author = {Andersson, N. and Glampedakis, K. and Ho, W. C. G. and Espinoza, C. M.},
  journal = {Phys. Rev. Lett.},
  volume = {109},
  issue = {24},
  pages = {241103},
  numpages = {5},
  year = {2012},
  month = {Dec},
  publisher = {American Physical Society},
  doi = {10.1103/PhysRevLett.109.241103},
  url = {https://link.aps.org/doi/10.1103/PhysRevLett.109.241103}
}

@article{Link1999,
  title = {Pulsar Constraints on Neutron Star Structure and Equation of State},
  author = {Link, Bennett and Epstein, Richard I. and Lattimer, James M.},
  journal = {Phys. Rev. Lett.},
  volume = {83},
  issue = {17},
  pages = {3362--3365},
  numpages = {0},
  year = {1999},
  month = {Oct},
  publisher = {American Physical Society},
  doi = {10.1103/PhysRevLett.83.3362},
  url = {https://link.aps.org/doi/10.1103/PhysRevLett.83.3362}
}

@article{Anderson1975,
      author         = "Anderson, P. W. and Itoh, N.",
      title          = "{Pulsar glitches and restlessness as a hard superfluidity
                        phenomenon}",
      journal        = "Nature",
      volume         = "256",
      year           = "1975",
      pages          = "25-27",
      doi            = "10.1038/256025a0",
      SLACcitation   = "%%CITATION = NATUA,256,25;%%"
}

@misc{Glitches,
  author = "{Jodrell Bank Centre for Astrophysics}",
  title = {Glitch Catalogue},
  howpublished = "\url{http://www.jb.man.ac.uk/pulsar/glitches.html}",
}

@article{Piekarewicz2014,
  title = {Pulsar glitches: The crust may be enough},
  author = {Piekarewicz, J. and Fattoyev, F. J. and Horowitz, C. J.},
  journal = {Phys. Rev. C},
  volume = {90},
  issue = {1},
  pages = {015803},
  numpages = {11},
  year = {2014},
  month = {Jul},
  publisher = {American Physical Society},
  doi = {10.1103/PhysRevC.90.015803},
  url = {https://link.aps.org/doi/10.1103/PhysRevC.90.015803}
}

@article{Chamel2012,
  title = {Neutron conduction in the inner crust of a neutron star in the framework of the band theory of solids},
  author = {Chamel, N.},
  journal = {Phys. Rev. C},
  volume = {85},
  issue = {3},
  pages = {035801},
  numpages = {7},
  year = {2012},
  month = {Mar},
  publisher = {American Physical Society},
  doi = {10.1103/PhysRevC.85.035801},
  url = {https://link.aps.org/doi/10.1103/PhysRevC.85.035801}
}

@article {Ho2015,
	author = {Ho, Wynn C. G. and Espinoza, Crist{\'o}bal M. and Antonopoulou, Danai and Andersson, Nils},
	title = {Pinning down the superfluid and measuring masses using pulsar glitches},
	volume = {1},
	number = {9},
	elocation-id = {e1500578},
	year = {2015},
	doi = {10.1126/sciadv.1500578},
	publisher = {American Association for the Advancement of Science},
	abstract = {Pulsars are known for their superb timing precision, although glitches can interrupt the regular timing behavior when the stars are young. These glitches are thought to be caused by interactions between normal and superfluid matter in the crust of the star. However, glitching pulsars such as Vela have been shown to require a superfluid reservoir that greatly exceeds that available in the crust. We examine a model in which glitches tap the superfluid in the core. We test a variety of theoretical superfluid models against the most recent glitch data and find that only one model can successfully explain up to 45 years of observational data. We develop a new technique for combining radio and x-ray data to measure pulsar masses, thereby demonstrating how current and future telescopes can probe fundamental physics such as superfluidity near nuclear saturation.},
	URL = {https://advances.sciencemag.org/content/1/9/e1500578},
	eprint = {https://advances.sciencemag.org/content/1/9/e1500578.full.pdf},
	journal = {Science Advances}
}

@article{Carreau2019moi,
  title = {General predictions for the neutron star crustal moment of inertia},
  author = {Carreau, Thomas and Gulminelli, Francesca and Margueron, J\'er\^ome},
  journal = {Phys. Rev. C},
  volume = {100},
  issue = {5},
  pages = {055803},
  numpages = {7},
  year = {2019},
  month = {Nov},
  publisher = {American Physical Society},
  doi = {10.1103/PhysRevC.100.055803},
  url = {https://link.aps.org/doi/10.1103/PhysRevC.100.055803}
}

@article{Chamel2013,
  title = {Crustal Entrainment and Pulsar Glitches},
  author = {Chamel, N.},
  journal = {Phys. Rev. Lett.},
  volume = {110},
  issue = {1},
  pages = {011101},
  numpages = {5},
  year = {2013},
  month = {Jan},
  publisher = {American Physical Society},
  doi = {10.1103/PhysRevLett.110.011101},
  url = {https://link.aps.org/doi/10.1103/PhysRevLett.110.011101}
}

@article{Martin2016,
  title = {Superfluid hydrodynamics in the inner crust of neutron stars},
  author = {Martin, No\"el and Urban, Michael},
  journal = {Phys. Rev. C},
  volume = {94},
  issue = {6},
  pages = {065801},
  numpages = {13},
  year = {2016},
  month = {Dec},
  publisher = {American Physical Society},
  doi = {10.1103/PhysRevC.94.065801},
  url = {https://link.aps.org/doi/10.1103/PhysRevC.94.065801}
}

@article{Watanabe2017,
  title = {Superfluid Density of Neutrons in the Inner Crust of Neutron Stars: New Life for Pulsar Glitch Models},
  author = {Watanabe, Gentaro and Pethick, C. J.},
  journal = {Phys. Rev. Lett.},
  volume = {119},
  issue = {6},
  pages = {062701},
  numpages = {5},
  year = {2017},
  month = {Aug},
  publisher = {American Physical Society},
  doi = {10.1103/PhysRevLett.119.062701},
  url = {https://link.aps.org/doi/10.1103/PhysRevLett.119.062701}
}

@article{GWtidal,
  title = {GW170817: Observation of Gravitational Waves from a Binary Neutron Star Inspiral},
  author = {Abbott, B. P. and Abbott, R. and Abbott, T. D. and Acernese, F. and Ackley, K. and Adams, C. and Adams, T. and Addesso, P. and Adhikari, R. X. and Adya, V. B. and Affeldt, C. and Afrough, M. and Agarwal, B. and Agathos, M. and Agatsuma, K. and Aggarwal, N. and Aguiar, O. D. and Aiello, L. and Ain, A. and Ajith, P. and Allen, B. and Allen, G. and Allocca, A. and Altin, P. A. and Amato, A. and Ananyeva, A. and Anderson, S. B. and Anderson, W. G. and Angelova, S. V. and Antier, S. and Appert, S. and Arai, K. and Araya, M. C. and Areeda, J. S. and Arnaud, N. and Arun, K. G. and Ascenzi, S. and Ashton, G. and Ast, M. and Aston, S. M. and Astone, P. and Atallah, D. V. and Aufmuth, P. and Aulbert, C. and AultONeal, K. and Austin, C. and Avila-Alvarez, A. and Babak, S. and Bacon, P. and Bader, M. K. M. and Bae, S. and Bailes, M. and Baker, P. T. and Baldaccini, F. and Ballardin, G. and Ballmer, S. W. and Banagiri, S. and Barayoga, J. C. and Barclay, S. E. and Barish, B. C. and Barker, D. and Barkett, K. and Barone, F. and Barr, B. and Barsotti, L. and Barsuglia, M. and Barta, D. and Barthelmy, S. D. and Bartlett, J. and Bartos, I. and Bassiri, R. and Basti, A. and Batch, J. C. and Bawaj, M. and Bayley, J. C. and Bazzan, M. and B\'ecsy, B. and Beer, C. and Bejger, M. and Belahcene, I. and Bell, A. S. and Berger, B. K. and Bergmann, G. and Bernuzzi, S. and Bero, J. J. and Berry, C. P. L. and Bersanetti, D. and Bertolini, A. and Betzwieser, J. and Bhagwat, S. and Bhandare, R. and Bilenko, I. A. and Billingsley, G. and Billman, C. R. and Birch, J. and Birney, R. and Birnholtz, O. and Biscans, S. and Biscoveanu, S. and Bisht, A. and Bitossi, M. and Biwer, C. and Bizouard, M. A. and Blackburn, J. K. and Blackman, J. and Blair, C. D. and Blair, D. G. and Blair, R. M. and Bloemen, S. and Bock, O. and Bode, N. and Boer, M. and Bogaert, G. and Bohe, A. and Bondu, F. and Bonilla, E. and Bonnand, R. and Boom, B. A. and Bork, R. and Boschi, V. and Bose, S. and Bossie, K. and Bouffanais, Y. and Bozzi, A. and Bradaschia, C. and Brady, P. R. and Branchesi, M. and Brau, J. E. and Briant, T. and Brillet, A. and Brinkmann, M. and Brisson, V. and Brockill, P. and Broida, J. E. and Brooks, A. F. and Brown, D. A. and Brown, D. D. and Brunett, S. and Buchanan, C. C. and Buikema, A. and Bulik, T. and Bulten, H. J. and Buonanno, A. and Buskulic, D. and Buy, C. and Byer, R. L. and Cabero, M. and Cadonati, L. and Cagnoli, G. and Cahillane, C. and Calder\'on Bustillo, J. and Callister, T. A. and Calloni, E. and Camp, J. B. and Canepa, M. and Canizares, P. and Cannon, K. C. and Cao, H. and Cao, J. and Capano, C. D. and Capocasa, E. and Carbognani, F. and Caride, S. and Carney, M. F. and Carullo, G. and Casanueva Diaz, J. and Casentini, C. and Caudill, S. and Cavagli\`a, M. and Cavalier, F. and Cavalieri, R. and Cella, G. and Cepeda, C. B. and Cerd\'a-Dur\'an, P. and Cerretani, G. and Cesarini, E. and Chamberlin, S. J. and Chan, M. and Chao, S. and Charlton, P. and Chase, E. and Chassande-Mottin, E. and Chatterjee, D. and Chatziioannou, K. and Cheeseboro, B. D. and Chen, H. Y. and Chen, X. and Chen, Y. and Cheng, H.-P. and Chia, H. and Chincarini, A. and Chiummo, A. and Chmiel, T. and Cho, H. S. and Cho, M. and Chow, J. H. and Christensen, N. and Chu, Q. and Chua, A. J. K. and Chua, S. and Chung, A. K. W. and Chung, S. and Ciani, G. and Ciolfi, R. and Cirelli, C. E. and Cirone, A. and Clara, F. and Clark, J. A. and Clearwater, P. and Cleva, F. and Cocchieri, C. and Coccia, E. and Cohadon, P.-F. and Cohen, D. and Colla, A. and Collette, C. G. and Cominsky, L. R. and Constancio, M. and Conti, L. and Cooper, S. J. and Corban, P. and Corbitt, T. R. and Cordero-Carri\'on, I. and Corley, K. R. and Cornish, N. and Corsi, A. and Cortese, S. and Costa, C. A. and Coughlin, M. W. and Coughlin, S. B. and Coulon, J.-P. and Countryman, S. T. and Couvares, P. and Covas, P. B. and Cowan, E. E. and Coward, D. M. and Cowart, M. J. and Coyne, D. C. and Coyne, R. and Creighton, J. D. E. and Creighton, T. D. and Cripe, J. and Crowder, S. G. and Cullen, T. J. and Cumming, A. and Cunningham, L. and Cuoco, E. and Dal Canton, T. and D\'alya, G. and Danilishin, S. L. and D'Antonio, S. and Danzmann, K. and Dasgupta, A. and Da Silva Costa, C. F. and Dattilo, V. and Dave, I. and Davier, M. and Davis, D. and Daw, E. J. and Day, B. and De, S. and DeBra, D. and Degallaix, J. and De Laurentis, M. and Del\'eglise, S. and Del Pozzo, W. and Demos, N. and Denker, T. and Dent, T. and De Pietri, R. and Dergachev, V. and De Rosa, R. and DeRosa, R. T. and De Rossi, C. and DeSalvo, R. and de Varona, O. and Devenson, J. and Dhurandhar, S. and D\'{\i}az, M. C. and Dietrich, T. and Di Fiore, L. and Di Giovanni, M. and Di Girolamo, T. and Di Lieto, A. and Di Pace, S. and Di Palma, I. and Di Renzo, F. and Doctor, Z. and Dolique, V. and Donovan, F. and Dooley, K. L. and Doravari, S. and Dorrington, I. and Douglas, R. and Dovale \'Alvarez, M. and Downes, T. P. and Drago, M. and Dreissigacker, C. and Driggers, J. C. and Du, Z. and Ducrot, M. and Dudi, R. and Dupej, P. and Dwyer, S. E. and Edo, T. B. and Edwards, M. C. and Effler, A. and Eggenstein, H.-B. and Ehrens, P. and Eichholz, J. and Eikenberry, S. S. and Eisenstein, R. A. and Essick, R. C. and Estevez, D. and Etienne, Z. B. and Etzel, T. and Evans, M. and Evans, T. M. and Factourovich, M. and Fafone, V. and Fair, H. and Fairhurst, S. and Fan, X. and Farinon, S. and Farr, B. and Farr, W. M. and Fauchon-Jones, E. J. and Favata, M. and Fays, M. and Fee, C. and Fehrmann, H. and Feicht, J. and Fejer, M. M. and Fernandez-Galiana, A. and Ferrante, I. and Ferreira, E. C. and Ferrini, F. and Fidecaro, F. and Finstad, D. and Fiori, I. and Fiorucci, D. and Fishbach, M. and Fisher, R. P. and Fitz-Axen, M. and Flaminio, R. and Fletcher, M. and Fong, H. and Font, J. A. and Forsyth, P. W. F. and Forsyth, S. S. and Fournier, J.-D. and Frasca, S. and Frasconi, F. and Frei, Z. and Freise, A. and Frey, R. and Frey, V. and Fries, E. M. and Fritschel, P. and Frolov, V. V. and Fulda, P. and Fyffe, M. and Gabbard, H. and Gadre, B. U. and Gaebel, S. M. and Gair, J. R. and Gammaitoni, L. and Ganija, M. R. and Gaonkar, S. G. and Garcia-Quiros, C. and Garufi, F. and Gateley, B. and Gaudio, S. and Gaur, G. and Gayathri, V. and Gehrels, N. and Gemme, G. and Genin, E. and Gennai, A. and George, D. and George, J. and Gergely, L. and Germain, V. and Ghonge, S. and Ghosh, Abhirup and Ghosh, Archisman and Ghosh, S. and Giaime, J. A. and Giardina, K. D. and Giazotto, A. and Gill, K. and Glover, L. and Goetz, E. and Goetz, R. and Gomes, S. and Goncharov, B. and Gonz\'alez, G. and Gonzalez Castro, J. M. and Gopakumar, A. and Gorodetsky, M. L. and Gossan, S. E. and Gosselin, M. and Gouaty, R. and Grado, A. and Graef, C. and Granata, M. and Grant, A. and Gras, S. and Gray, C. and Greco, G. and Green, A. C. and Gretarsson, E. M. and Groot, P. and Grote, H. and Grunewald, S. and Gruning, P. and Guidi, G. M. and Guo, X. and Gupta, A. and Gupta, M. K. and Gushwa, K. E. and Gustafson, E. K. and Gustafson, R. and Halim, O. and Hall, B. R. and Hall, E. D. and Hamilton, E. Z. and Hammond, G. and Haney, M. and Hanke, M. M. and Hanks, J. and Hanna, C. and Hannam, M. D. and Hannuksela, O. A. and Hanson, J. and Hardwick, T. and Harms, J. and Harry, G. M. and Harry, I. W. and Hart, M. J. and Haster, C.-J. and Haughian, K. and Healy, J. and Heidmann, A. and Heintze, M. C. and Heitmann, H. and Hello, P. and Hemming, G. and Hendry, M. and Heng, I. S. and Hennig, J. and Heptonstall, A. W. and Heurs, M. and Hild, S. and Hinderer, T. and Ho, W. C. G. and Hoak, D. and Hofman, D. and Holt, K. and Holz, D. E. and Hopkins, P. and Horst, C. and Hough, J. and Houston, E. A. and Howell, E. J. and Hreibi, A. and Hu, Y. M. and Huerta, E. A. and Huet, D. and Hughey, B. and Husa, S. and Huttner, S. H. and Huynh-Dinh, T. and Indik, N. and Inta, R. and Intini, G. and Isa, H. N. and Isac, J.-M. and Isi, M. and Iyer, B. R. and Izumi, K. and Jacqmin, T. and Jani, K. and Jaranowski, P. and Jawahar, S. and Jim\'enez-Forteza, F. and Johnson, W. W. and Johnson-McDaniel, N. K. and Jones, D. I. and Jones, R. and Jonker, R. J. G. and Ju, L. and Junker, J. and Kalaghatgi, C. V. and Kalogera, V. and Kamai, B. and Kandhasamy, S. and Kang, G. and Kanner, J. B. and Kapadia, S. J. and Karki, S. and Karvinen, K. S. and Kasprzack, M. and Kastaun, W. and Katolik, M. and Katsavounidis, E. and Katzman, W. and Kaufer, S. and Kawabe, K. and K\'ef\'elian, F. and Keitel, D. and Kemball, A. J. and Kennedy, R. and Kent, C. and Key, J. S. and Khalili, F. Y. and Khan, I. and Khan, S. and Khan, Z. and Khazanov, E. A. and Kijbunchoo, N. and Kim, Chunglee and Kim, J. C. and Kim, K. and Kim, W. and Kim, W. S. and Kim, Y.-M. and Kimbrell, S. J. and King, E. J. and King, P. J. and Kinley-Hanlon, M. and Kirchhoff, R. and Kissel, J. S. and Kleybolte, L. and Klimenko, S. and Knowles, T. D. and Koch, P. and Koehlenbeck, S. M. and Koley, S. and Kondrashov, V. and Kontos, A. and Korobko, M. and Korth, W. Z. and Kowalska, I. and Kozak, D. B. and Kr\"amer, C. and Kringel, V. and Krishnan, B. and Kr\'olak, A. and Kuehn, G. and Kumar, P. and Kumar, R. and Kumar, S. and Kuo, L. and Kutynia, A. and Kwang, S. and Lackey, B. D. and Lai, K. H. and Landry, M. and Lang, R. N. and Lange, J. and Lantz, B. and Lanza, R. K. and Larson, S. L. and Lartaux-Vollard, A. and Lasky, P. D. and Laxen, M. and Lazzarini, A. and Lazzaro, C. and Leaci, P. and Leavey, S. and Lee, C. H. and Lee, H. K. and Lee, H. M. and Lee, H. W. and Lee, K. and Lehmann, J. and Lenon, A. and Leon, E. and Leonardi, M. and Leroy, N. and Letendre, N. and Levin, Y. and Li, T. G. F. and Linker, S. D. and Littenberg, T. B. and Liu, J. and Liu, X. and Lo, R. K. L. and Lockerbie, N. A. and London, L. T. and Lord, J. E. and Lorenzini, M. and Loriette, V. and Lormand, M. and Losurdo, G. and Lough, J. D. and Lousto, C. O. and Lovelace, G. and L\"uck, H. and Lumaca, D. and Lundgren, A. P. and Lynch, R. and Ma, Y. and Macas, R. and Macfoy, S. and Machenschalk, B. and MacInnis, M. and Macleod, D. M. and Maga\~na Hernandez, I. and Maga\~na-Sandoval, F. and Maga\~na Zertuche, L. and Magee, R. M. and Majorana, E. and Maksimovic, I. and Man, N. and Mandic, V. and Mangano, V. and Mansell, G. L. and Manske, M. and Mantovani, M. and Marchesoni, F. and Marion, F. and M\'arka, S. and M\'arka, Z. and Markakis, C. and Markosyan, A. S. and Markowitz, A. and Maros, E. and Marquina, A. and Marsh, P. and Martelli, F. and Martellini, L. and Martin, I. W. and Martin, R. M. and Martynov, D. V. and Marx, J. N. and Mason, K. and Massera, E. and Masserot, A. and Massinger, T. J. and Masso-Reid, M. and Mastrogiovanni, S. and Matas, A. and Matichard, F. and Matone, L. and Mavalvala, N. and Mazumder, N. and McCarthy, R. and McClelland, D. E. and McCormick, S. and McCuller, L. and McGuire, S. C. and McIntyre, G. and McIver, J. and McManus, D. J. and McNeill, L. and McRae, T. and McWilliams, S. T. and Meacher, D. and Meadors, G. D. and Mehmet, M. and Meidam, J. and Mejuto-Villa, E. and Melatos, A. and Mendell, G. and Mercer, R. A. and Merilh, E. L. and Merzougui, M. and Meshkov, S. and Messenger, C. and Messick, C. and Metzdorff, R. and Meyers, P. M. and Miao, H. and Michel, C. and Middleton, H. and Mikhailov, E. E. and Milano, L. and Miller, A. L. and Miller, B. B. and Miller, J. and Millhouse, M. and Milovich-Goff, M. C. and Minazzoli, O. and Minenkov, Y. and Ming, J. and Mishra, C. and Mitra, S. and Mitrofanov, V. P. and Mitselmakher, G. and Mittleman, R. and Moffa, D. and Moggi, A. and Mogushi, K. and Mohan, M. and Mohapatra, S. R. P. and Molina, I. and Montani, M. and Moore, C. J. and Moraru, D. and Moreno, G. and Morisaki, S. and Morriss, S. R. and Mours, B. and Mow-Lowry, C. M. and Mueller, G. and Muir, A. W. and Mukherjee, Arunava and Mukherjee, D. and Mukherjee, S. and Mukund, N. and Mullavey, A. and Munch, J. and Mu\~niz, E. A. and Muratore, M. and Murray, P. G. and Nagar, A. and Napier, K. and Nardecchia, I. and Naticchioni, L. and Nayak, R. K. and Neilson, J. and Nelemans, G. and Nelson, T. J. N. and Nery, M. and Neunzert, A. and Nevin, L. and Newport, J. M. and Newton, G. and Ng, K. K. Y. and Nguyen, P. and Nguyen, T. T. and Nichols, D. and Nielsen, A. B. and Nissanke, S. and Nitz, A. and Noack, A. and Nocera, F. and Nolting, D. and North, C. and Nuttall, L. K. and Oberling, J. and O'Dea, G. D. and Ogin, G. H. and Oh, J. J. and Oh, S. H. and Ohme, F. and Okada, M. A. and Oliver, M. and Oppermann, P. and Oram, Richard J. and O'Reilly, B. and Ormiston, R. and Ortega, L. F. and O'Shaughnessy, R. and Ossokine, S. and Ottaway, D. J. and Overmier, H. and Owen, B. J. and Pace, A. E. and Page, J. and Page, M. A. and Pai, A. and Pai, S. A. and Palamos, J. R. and Palashov, O. and Palomba, C. and Pal-Singh, A. and Pan, Howard and Pan, Huang-Wei and Pang, B. and Pang, P. T. H. and Pankow, C. and Pannarale, F. and Pant, B. C. and Paoletti, F. and Paoli, A. and Papa, M. A. and Parida, A. and Parker, W. and Pascucci, D. and Pasqualetti, A. and Passaquieti, R. and Passuello, D. and Patil, M. and Patricelli, B. and Pearlstone, B. L. and Pedraza, M. and Pedurand, R. and Pekowsky, L. and Pele, A. and Penn, S. and Perez, C. J. and Perreca, A. and Perri, L. M. and Pfeiffer, H. P. and Phelps, M. and Piccinni, O. J. and Pichot, M. and Piergiovanni, F. and Pierro, V. and Pillant, G. and Pinard, L. and Pinto, I. M. and Pirello, M. and Pitkin, M. and Poe, M. and Poggiani, R. and Popolizio, P. and Porter, E. K. and Post, A. and Powell, J. and Prasad, J. and Pratt, J. W. W. and Pratten, G. and Predoi, V. and Prestegard, T. and Prijatelj, M. and Principe, M. and Privitera, S. and Prix, R. and Prodi, G. A. and Prokhorov, L. G. and Puncken, O. and Punturo, M. and Puppo, P. and P\"urrer, M. and Qi, H. and Quetschke, V. and Quintero, E. A. and Quitzow-James, R. and Raab, F. J. and Rabeling, D. S. and Radkins, H. and Raffai, P. and Raja, S. and Rajan, C. and Rajbhandari, B. and Rakhmanov, M. and Ramirez, K. E. and Ramos-Buades, A. and Rapagnani, P. and Raymond, V. and Razzano, M. and Read, J. and Regimbau, T. and Rei, L. and Reid, S. and Reitze, D. H. and Ren, W. and Reyes, S. D. and Ricci, F. and Ricker, P. M. and Rieger, S. and Riles, K. and Rizzo, M. and Robertson, N. A. and Robie, R. and Robinet, F. and Rocchi, A. and Rolland, L. and Rollins, J. G. and Roma, V. J. and Romano, J. D. and Romano, R. and Romel, C. L. and Romie, J. H. and Rosi\ifmmode \acute{n}\else \'{n}\fi{}ska, D. and Ross, M. P. and Rowan, S. and R\"udiger, A. and Ruggi, P. and Rutins, G. and Ryan, K. and Sachdev, S. and Sadecki, T. and Sadeghian, L. and Sakellariadou, M. and Salconi, L. and Saleem, M. and Salemi, F. and Samajdar, A. and Sammut, L. and Sampson, L. M. and Sanchez, E. J. and Sanchez, L. E. and Sanchis-Gual, N. and Sandberg, V. and Sanders, J. R. and Sassolas, B. and Sathyaprakash, B. S. and Saulson, P. R. and Sauter, O. and Savage, R. L. and Sawadsky, A. and Schale, P. and Scheel, M. and Scheuer, J. and Schmidt, J. and Schmidt, P. and Schnabel, R. and Schofield, R. M. S. and Sch\"onbeck, A. and Schreiber, E. and Schuette, D. and Schulte, B. W. and Schutz, B. F. and Schwalbe, S. G. and Scott, J. and Scott, S. M. and Seidel, E. and Sellers, D. and Sengupta, A. S. and Sentenac, D. and Sequino, V. and Sergeev, A. and Shaddock, D. A. and Shaffer, T. J. and Shah, A. A. and Shahriar, M. S. and Shaner, M. B. and Shao, L. and Shapiro, B. and Shawhan, P. and Sheperd, A. and Shoemaker, D. H. and Shoemaker, D. M. and Siellez, K. and Siemens, X. and Sieniawska, M. and Sigg, D. and Silva, A. D. and Singer, L. P. and Singh, A. and Singhal, A. and Sintes, A. M. and Slagmolen, B. J. J. and Smith, B. and Smith, J. R. and Smith, R. J. E. and Somala, S. and Son, E. J. and Sonnenberg, J. A. and Sorazu, B. and Sorrentino, F. and Souradeep, T. and Spencer, A. P. and Srivastava, A. K. and Staats, K. and Staley, A. and Steinke, M. and Steinlechner, J. and Steinlechner, S. and Steinmeyer, D. and Stevenson, S. P. and Stone, R. and Stops, D. J. and Strain, K. A. and Stratta, G. and Strigin, S. E. and Strunk, A. and Sturani, R. and Stuver, A. L. and Summerscales, T. Z. and Sun, L. and Sunil, S. and Suresh, J. and Sutton, P. J. and Swinkels, B. L. and Szczepa\ifmmode \acute{n}\else \'{n}\fi{}czyk, M. J. and Tacca, M. and Tait, S. C. and Talbot, C. and Talukder, D. and Tanner, D. B. and T\'apai, M. and Taracchini, A. and Tasson, J. D. and Taylor, J. A. and Taylor, R. and Tewari, S. V. and Theeg, T. and Thies, F. and Thomas, E. G. and Thomas, M. and Thomas, P. and Thorne, K. A. and Thorne, K. S. and Thrane, E. and Tiwari, S. and Tiwari, V. and Tokmakov, K. V. and Toland, K. and Tonelli, M. and Tornasi, Z. and Torres-Forn\'e, A. and Torrie, C. I. and T\"oyr\"a, D. and Travasso, F. and Traylor, G. and Trinastic, J. and Tringali, M. C. and Trozzo, L. and Tsang, K. W. and Tse, M. and Tso, R. and Tsukada, L. and Tsuna, D. and Tuyenbayev, D. and Ueno, K. and Ugolini, D. and Unnikrishnan, C. S. and Urban, A. L. and Usman, S. A. and Vahlbruch, H. and Vajente, G. and Valdes, G. and Vallisneri, M. and van Bakel, N. and van Beuzekom, M. and van den Brand, J. F. J. and Van Den Broeck, C. and Vander-Hyde, D. C. and van der Schaaf, L. and van Heijningen, J. V. and van Veggel, A. A. and Vardaro, M. and Varma, V. and Vass, S. and Vas\'uth, M. and Vecchio, A. and Vedovato, G. and Veitch, J. and Veitch, P. J. and Venkateswara, K. and Venugopalan, G. and Verkindt, D. and Vetrano, F. and Vicer\'e, A. and Viets, A. D. and Vinciguerra, S. and Vine, D. J. and Vinet, J.-Y. and Vitale, S. and Vo, T. and Vocca, H. and Vorvick, C. and Vyatchanin, S. P. and Wade, A. R. and Wade, L. E. and Wade, M. and Walet, R. and Walker, M. and Wallace, L. and Walsh, S. and Wang, G. and Wang, H. and Wang, J. Z. and Wang, W. H. and Wang, Y. F. and Ward, R. L. and Warner, J. and Was, M. and Watchi, J. and Weaver, B. and Wei, L.-W. and Weinert, M. and Weinstein, A. J. and Weiss, R. and Wen, L. and Wessel, E. K. and We\ss{}els, P. and Westerweck, J. and Westphal, T. and Wette, K. and Whelan, J. T. and Whitcomb, S. E. and Whiting, B. F. and Whittle, C. and Wilken, D. and Williams, D. and Williams, R. D. and Williamson, A. R. and Willis, J. L. and Willke, B. and Wimmer, M. H. and Winkler, W. and Wipf, C. C. and Wittel, H. and Woan, G. and Woehler, J. and Wofford, J. and Wong, K. W. K. and Worden, J. and Wright, J. L. and Wu, D. S. and Wysocki, D. M. and Xiao, S. and Yamamoto, H. and Yancey, C. C. and Yang, L. and Yap, M. J. and Yazback, M. and Yu, Hang and Yu, Haocun and Yvert, M. and Zadro\ifmmode \dot{z}\else \.{z}\fi{}ny, A. and Zanolin, M. and Zelenova, T. and Zendri, J.-P. and Zevin, M. and Zhang, L. and Zhang, M. and Zhang, T. and Zhang, Y.-H. and Zhao, C. and Zhou, M. and Zhou, Z. and Zhu, S. J. and Zhu, X. J. and Zimmerman, A. B. and Zucker, M. E. and Zweizig, J.},
  collaboration = {LIGO Scientific Collaboration and Virgo Collaboration},
  journal = {Phys. Rev. Lett.},
  volume = {119},
  issue = {16},
  pages = {161101},
  numpages = {18},
  year = {2017},
  month = {Oct},
  publisher = {American Physical Society},
  doi = {10.1103/PhysRevLett.119.161101},
  url = {https://link.aps.org/doi/10.1103/PhysRevLett.119.161101}
}
